
  <record>
    <leader>01000aam  22002601a 4500</leader>
    <controlfield tag="001">YPZ191</controlfield>
    <controlfield tag="003">YPZ</controlfield>
    <controlfield tag="005">200404290000000</controlfield>
    <controlfield tag="008">040429|###########||||||b||||||||||spa|d</controlfield>
    <datafield tag="040" ind1=" " ind2=" ">
      <subfield code="c">SIUNPA</subfield>
    </datafield>
    <datafield tag="041" ind1=" " ind2=" ">
      <subfield code="a">eng</subfield>
    </datafield>
    <datafield tag="044" ind1=" " ind2=" ">
      <subfield code="a">CA</subfield>
    </datafield>
    <datafield tag="080" ind1=" " ind2=" ">
      <subfield code="a">CD004.4'273 C797c</subfield>
    </datafield>
    <datafield tag="245" ind1=" " ind2=" ">
      <subfield code="a">Corel Draw 7</subfield>
    </datafield>
    <datafield tag="260" ind1=" " ind2=" ">
      <subfield code="a">Ottawa</subfield>
      <subfield code="b"> : Corel Corporation</subfield>
      <subfield code="c"> , 1997</subfield>
    </datafield>
    <datafield tag="300" ind1=" " ind2=" ">
      <subfield code="a">3 CD-ROM : </subfield>
    </datafield>
    <datafield tag="500" ind1=" " ind2=" ">
      <subfield code="a">Contenido: CD-ROM no.1: Archivo de programa. Plantillas (Corel Draw y PaperDirect). Fuentes (True Type y Type I) -- CD-ROM no.2: Modelos 3D. Texturas de pincel. Imágenes. Objetos. Bordes fotográficos. Fotografías. Mosaicos -- CD-ROM no.3: Clipart</subfield>
    </datafield>
    <datafield tag="650" ind1=" " ind2=" ">
      <subfield code="a"> SOFTWARE</subfield>
    </datafield>
    <datafield tag="650" ind1=" " ind2=" ">
      <subfield code="a"> GRAFICO POR COMPUTADORA</subfield>
    </datafield>
    <datafield tag="650" ind1=" " ind2=" ">
      <subfield code="a"> COREL DRAW</subfield>
    </datafield>
    <datafield tag="942" ind1=" " ind2=" ">
      <subfield code="c">CD</subfield>
    </datafield>
    <datafield tag="952" ind1=" " ind2=" ">
      <subfield code="a">BIB_RECT</subfield>
      <subfield code="b">BIB_RECT</subfield>
      <subfield code="d">2005-08-23</subfield>
      <subfield code="y">CD</subfield>
      <subfield code="p">01-20293</subfield>
      <subfield code="i">01-20293</subfield>
      <subfield code="g">300</subfield>
      <subfield code="o">CD004.4'273 C797c</subfield>
      <subfield code="e">Donación SIUNPA</subfield>
      <subfield code="8">MM</subfield>
    </datafield>
    <datafield tag="952" ind1=" " ind2=" ">
      <subfield code="a">BIB_RECT</subfield>
      <subfield code="b">BIB_UACO</subfield>
      <subfield code="d">2005-08-23</subfield>
      <subfield code="y">CD</subfield>
      <subfield code="p">02-20290</subfield>
      <subfield code="i">02-20290</subfield>
      <subfield code="g">300</subfield>
      <subfield code="o">CD004.4'273 C797c</subfield>
      <subfield code="e">Donación SIUNPA</subfield>
      <subfield code="8">MM</subfield>
    </datafield>
    <datafield tag="952" ind1=" " ind2=" ">
      <subfield code="a">BIB_RECT</subfield>
      <subfield code="b">BIB_UART</subfield>
      <subfield code="d">2005-08-23</subfield>
      <subfield code="y">CD</subfield>
      <subfield code="p">03-20289</subfield>
      <subfield code="i">03-20289</subfield>
      <subfield code="g">300</subfield>
      <subfield code="o">CD004.4'273 C797c</subfield>
      <subfield code="e">Donación SIUNPA</subfield>
      <subfield code="8">MM</subfield>
    </datafield>
    <datafield tag="952" ind1=" " ind2=" ">
      <subfield code="a">BIB_RECT</subfield>
      <subfield code="b">BIB_UASJ</subfield>
      <subfield code="d">2005-08-23</subfield>
      <subfield code="y">CD</subfield>
      <subfield code="p">04-20291</subfield>
      <subfield code="i">04-20291</subfield>
      <subfield code="g">300</subfield>
      <subfield code="o">CD004.4'273 C797c</subfield>
      <subfield code="e">Donación SIUNPA</subfield>
      <subfield code="8">MM</subfield>
    </datafield>
    <datafield tag="952" ind1=" " ind2=" ">
      <subfield code="a">BIB_RECT</subfield>
      <subfield code="b">BIB_UARG</subfield>
      <subfield code="d">2005-08-23</subfield>
      <subfield code="y">CD</subfield>
      <subfield code="p">05-20292</subfield>
      <subfield code="i">05-20292</subfield>
      <subfield code="g">300</subfield>
      <subfield code="o">CD004.4'273 C797c</subfield>
      <subfield code="e">Donación SIUNPA</subfield>
      <subfield code="8">MM</subfield>
    </datafield>
  </record>