
  <record>
    <leader>01000aam  22002601a 4500</leader>
    <controlfield tag="001">YPZ567</controlfield>
    <controlfield tag="003">YPZ</controlfield>
    <controlfield tag="005">200409140000000</controlfield>
    <controlfield tag="008">040914|###########||||||b||||||||||spa|d</controlfield>
    <datafield tag="040" ind1=" " ind2=" ">
      <subfield code="c">SIUNPA</subfield>
    </datafield>
    <datafield tag="041" ind1=" " ind2=" ">
      <subfield code="a">spa</subfield>
    </datafield>
    <datafield tag="044" ind1=" " ind2=" ">
      <subfield code="a">AR</subfield>
    </datafield>
    <datafield tag="080" ind1=" " ind2=" ">
      <subfield code="a">CD82.09 S612i2</subfield>
    </datafield>
    <datafield tag="110" ind1=" " ind2=" ">
      <subfield code="a">Simposio Internacional Nuevas Tendencias y Perspectivas Contemporáneas en la Narrativa (2 : 2001 : Buenos Aires).</subfield>
    </datafield>
    <datafield tag="245" ind1=" " ind2=" ">
      <subfield code="a">Nuevas tendencias y perspectivas contemporáneas en la narrativa</subfield>
      <subfield code="b"> : segundo simposio internacional. Actas</subfield>
      <subfield code="c"> / Centro de Estudios de Narratología, org.</subfield>
    </datafield>
    <datafield tag="260" ind1=" " ind2=" ">
      <subfield code="a">Buenos Aires</subfield>
      <subfield code="b"> : Centro de Estudios de Narratología, CEN</subfield>
      <subfield code="c"> , 2001</subfield>
    </datafield>
    <datafield tag="300" ind1=" " ind2=" ">
      <subfield code="a">1 CD-ROM : </subfield>
      <subfield code="a">1 CD-ROM : </subfield>
      <subfield code="a">1 CD-ROM : </subfield>
    </datafield>
    <datafield tag="650" ind1=" " ind2=" ">
      <subfield code="a"> LITERATURA</subfield>
    </datafield>
    <datafield tag="650" ind1=" " ind2=" ">
      <subfield code="a"> CRITICA LITERARIA</subfield>
    </datafield>
    <datafield tag="942" ind1=" " ind2=" ">
      <subfield code="c">CD</subfield>
    </datafield>
    <datafield tag="952" ind1=" " ind2=" ">
      <subfield code="a">BIB_RECT</subfield>
      <subfield code="b">BIB_UARG</subfield>
      <subfield code="d">2005-08-23</subfield>
      <subfield code="y">CD</subfield>
      <subfield code="p">05-25131</subfield>
      <subfield code="i">05-25131</subfield>
      <subfield code="g">30</subfield>
      <subfield code="o">CD82.09 S612i2</subfield>
      <subfield code="e">Donación Alicia Atie</subfield>
      <subfield code="8">MM</subfield>
    </datafield>
    <datafield tag="952" ind1=" " ind2=" ">
      <subfield code="a">BIB_RECT</subfield>
      <subfield code="b">BIB_UARG</subfield>
      <subfield code="d">2005-08-23</subfield>
      <subfield code="y">CD</subfield>
      <subfield code="p">05-25132</subfield>
      <subfield code="i">05-25132</subfield>
      <subfield code="g">30</subfield>
      <subfield code="o">CD82.09 S612i2</subfield>
      <subfield code="e">Donación Alicia Atie</subfield>
      <subfield code="8">MM</subfield>
    </datafield>
  </record>