
  <record>
    <leader>01000aam  22002601a 4500</leader>
    <controlfield tag="001">YPZ846</controlfield>
    <controlfield tag="003">YPZ</controlfield>
    <controlfield tag="005">200505030000000</controlfield>
    <controlfield tag="008">050503|###########||||||b||||||||||spa|d</controlfield>
    <datafield tag="040" ind1=" " ind2=" ">
      <subfield code="c">SIUNPA</subfield>
    </datafield>
    <datafield tag="041" ind1=" " ind2=" ">
      <subfield code="a">spa</subfield>
    </datafield>
    <datafield tag="044" ind1=" " ind2=" ">
      <subfield code="a">US</subfield>
    </datafield>
    <datafield tag="080" ind1=" " ind2=" ">
      <subfield code="a">CD004.9 T796t</subfield>
    </datafield>
    <datafield tag="245" ind1=" " ind2=" ">
      <subfield code="a">3D creador de películas</subfield>
    </datafield>
    <datafield tag="260" ind1=" " ind2=" ">
      <subfield code="a">Redmond, Washington</subfield>
      <subfield code="b"> : Microsoft</subfield>
      <subfield code="c"> , 1996</subfield>
    </datafield>
    <datafield tag="300" ind1=" " ind2=" ">
      <subfield code="a">1 CD-ROM : </subfield>
      <subfield code="a">1 CD-ROM : </subfield>
      <subfield code="e">3 foll. (8, 32, 31 p.) + 3 h. sueltas</subfield>
    </datafield>
    <datafield tag="500" ind1=" " ind2=" ">
      <subfield code="a">Para niños desde los 8 años</subfield>
    </datafield>
    <datafield tag="500" ind1=" " ind2=" ">
      <subfield code="a">Para Windows 95</subfield>
    </datafield>
    <datafield tag="650" ind1=" " ind2=" ">
      <subfield code="a"> PROGRAMA DE COMPUTADORA  ACTIVIDADES DE APRENDIZAJE</subfield>
    </datafield>
    <datafield tag="650" ind1=" " ind2=" ">
      <subfield code="a"> SOFTWARE</subfield>
    </datafield>
    <datafield tag="650" ind1=" " ind2=" ">
      <subfield code="a"> CREACION ARTISTICA</subfield>
    </datafield>
    <datafield tag="650" ind1=" " ind2=" ">
      <subfield code="a"> REALIZADOR CINEMATOGRAFICO</subfield>
    </datafield>
    <datafield tag="650" ind1=" " ind2=" ">
      <subfield code="a"> PELICULA ANIMADA</subfield>
    </datafield>
    <datafield tag="942" ind1=" " ind2=" ">
      <subfield code="c">CD</subfield>
    </datafield>
    <datafield tag="952" ind1=" " ind2=" ">
      <subfield code="a">BIB_RECT</subfield>
      <subfield code="b">BIB_UACO</subfield>
      <subfield code="d">2005-08-23</subfield>
      <subfield code="y">CD</subfield>
      <subfield code="p">02-27704</subfield>
      <subfield code="i">02-27704</subfield>
      <subfield code="g">30</subfield>
      <subfield code="o">CD004.9 T796t</subfield>
      <subfield code="e">Donación UARG</subfield>
      <subfield code="8">MM</subfield>
    </datafield>
    <datafield tag="952" ind1=" " ind2=" ">
      <subfield code="a">BIB_RECT</subfield>
      <subfield code="b">BIB_UART</subfield>
      <subfield code="d">2005-08-25</subfield>
      <subfield code="y">CD</subfield>
      <subfield code="p">03-27711</subfield>
      <subfield code="i">03-27711</subfield>
      <subfield code="g">30</subfield>
      <subfield code="o">CD004.9 T796t</subfield>
      <subfield code="e">Donación U</subfield>
      <subfield code="8">MM</subfield>
    </datafield>
    <datafield tag="952" ind1=" " ind2=" ">
      <subfield code="a">BIB_RECT</subfield>
      <subfield code="b">BIB_UASJ</subfield>
      <subfield code="d">2005-08-25</subfield>
      <subfield code="y">CD</subfield>
      <subfield code="p">04-27698</subfield>
      <subfield code="i">04-27698</subfield>
      <subfield code="g">30</subfield>
      <subfield code="o">CD004.9 T796t</subfield>
      <subfield code="e">Donación U</subfield>
      <subfield code="8">MM</subfield>
    </datafield>
  </record>