
  <record>
    <leader>01000aam  22002601a 4500</leader>
    <controlfield tag="001">YPZ848</controlfield>
    <controlfield tag="003">YPZ</controlfield>
    <controlfield tag="005">200505030000000</controlfield>
    <controlfield tag="008">050503|###########||||||b||||||||||spa|d</controlfield>
    <datafield tag="040" ind1=" " ind2=" ">
      <subfield code="c">SIUNPA</subfield>
    </datafield>
    <datafield tag="041" ind1=" " ind2=" ">
      <subfield code="a">spa</subfield>
    </datafield>
    <datafield tag="044" ind1=" " ind2=" ">
      <subfield code="a">US</subfield>
    </datafield>
    <datafield tag="080" ind1=" " ind2=" ">
      <subfield code="a">CD(03) M626m</subfield>
    </datafield>
    <datafield tag="245" ind1=" " ind2=" ">
      <subfield code="a">Microsoft Bookshelf en español</subfield>
      <subfield code="b"> : biblioteca de referencia</subfield>
    </datafield>
    <datafield tag="250" ind1=" " ind2=" ">
      <subfield code="a">versión 1998</subfield>
    </datafield>
    <datafield tag="260" ind1=" " ind2=" ">
      <subfield code="a">Redmond, Washington</subfield>
      <subfield code="b"> : Microsoft</subfield>
      <subfield code="c"> , 1998</subfield>
    </datafield>
    <datafield tag="500" ind1=" " ind2=" ">
      <subfield code="a">Contenido del CD-ROM: Advanced english dictionary, english-spanish, español-inglés VOX - Diccionario general de la lengua española VOX - Diccionario Espasa de sinónimos y antónimos - Diccionario Espasa de citas - Cronología universal Espasa - Atlas de escritorio mundial Encarta 1998. Para Windows 95</subfield>
    </datafield>
    <datafield tag="650" ind1=" " ind2=" ">
      <subfield code="a"> DICCIONARIO BILINGUE  MATERIAL DE REFERENCIA</subfield>
    </datafield>
    <datafield tag="650" ind1=" " ind2=" ">
      <subfield code="a"> DICCIONARIO ENCICLOPEDICO</subfield>
    </datafield>
    <datafield tag="650" ind1=" " ind2=" ">
      <subfield code="a"> SINONIMOS</subfield>
    </datafield>
    <datafield tag="650" ind1=" " ind2=" ">
      <subfield code="a"> ANTONIMOS</subfield>
    </datafield>
    <datafield tag="650" ind1=" " ind2=" ">
      <subfield code="a"> ATLAS</subfield>
    </datafield>
    <datafield tag="942" ind1=" " ind2=" ">
      <subfield code="c">CD</subfield>
    </datafield>
    <datafield tag="952" ind1=" " ind2=" ">
      <subfield code="a">BIB_RECT</subfield>
      <subfield code="b">BIB_UACO</subfield>
      <subfield code="d">2005-08-23</subfield>
      <subfield code="y">CD</subfield>
      <subfield code="p">02-27707</subfield>
      <subfield code="i">02-27707</subfield>
      <subfield code="g">30</subfield>
      <subfield code="o">CD(03) M626m</subfield>
      <subfield code="e">Donación UARG</subfield>
      <subfield code="8">MM</subfield>
    </datafield>
    <datafield tag="952" ind1=" " ind2=" ">
      <subfield code="a">BIB_RECT</subfield>
      <subfield code="b">BIB_UART</subfield>
      <subfield code="d">2005-08-23</subfield>
      <subfield code="y">CD</subfield>
      <subfield code="p">03-27710</subfield>
      <subfield code="i">03-27710</subfield>
      <subfield code="g">30</subfield>
      <subfield code="o">CD(03) M626m</subfield>
      <subfield code="e">Donación UARG</subfield>
      <subfield code="8">MM</subfield>
    </datafield>
    <datafield tag="952" ind1=" " ind2=" ">
      <subfield code="a">BIB_RECT</subfield>
      <subfield code="b">BIB_UASJ</subfield>
      <subfield code="d">2005-08-23</subfield>
      <subfield code="y">CD</subfield>
      <subfield code="p">04-27696</subfield>
      <subfield code="i">04-27696</subfield>
      <subfield code="g">30</subfield>
      <subfield code="o">CD(03) M626m</subfield>
      <subfield code="e">Donación UARG</subfield>
      <subfield code="8">MM</subfield>
    </datafield>
  </record>