
  <record>
    <leader>01000aam  22002601a 4500</leader>
    <controlfield tag="001">YPZ884</controlfield>
    <controlfield tag="003">YPZ</controlfield>
    <controlfield tag="005">200505060000000</controlfield>
    <controlfield tag="008">050506|###########||||||b||||||||||spa|d</controlfield>
    <datafield tag="040" ind1=" " ind2=" ">
      <subfield code="c">SIUNPA</subfield>
    </datafield>
    <datafield tag="041" ind1=" " ind2=" ">
      <subfield code="a">spa</subfield>
    </datafield>
    <datafield tag="044" ind1=" " ind2=" ">
      <subfield code="a">AR</subfield>
    </datafield>
    <datafield tag="080" ind1=" " ind2=" ">
      <subfield code="a">CD004.2 U588o</subfield>
    </datafield>
    <datafield tag="110" ind1=" " ind2=" ">
      <subfield code="a">Universidad Nacional de la Patagonia Austral. Unidad Académica Río Gallegos. Cátedra Organización de las Computadoras.</subfield>
    </datafield>
    <datafield tag="245" ind1=" " ind2=" ">
      <subfield code="a">Organización de las computadoras</subfield>
      <subfield code="c"> / Talay, Carlos Alberto, comp.</subfield>
    </datafield>
    <datafield tag="260" ind1=" " ind2=" ">
      <subfield code="a">Río Gallegos</subfield>
      <subfield code="b"> : UNPA, Departamento de Ciencias Exactas y Naturales, División Ciencias Exactas e Informática</subfield>
      <subfield code="c"> , [2005?]</subfield>
    </datafield>
    <datafield tag="300" ind1=" " ind2=" ">
      <subfield code="a">1 CD-ROM : </subfield>
      <subfield code="a">1 CD-ROM : </subfield>
    </datafield>
    <datafield tag="500" ind1=" " ind2=" ">
      <subfield code="a">Contenido del CD-ROM: SimCir -- Karma -- J2SE 1.3.1_15 -- JRE1.3.1_15 -- JDK 1.3.1_15 --J2SE 1.5.0_02 -- JRE 1.5.0_02 -- JDK 1.5.0_ 02 -- WinZip 9.0</subfield>
    </datafield>
    <datafield tag="650" ind1=" " ind2=" ">
      <subfield code="a"> ARQUITECTURA DE COMPUTADORAS</subfield>
    </datafield>
    <datafield tag="650" ind1=" " ind2=" ">
      <subfield code="a"> PROGRAMA DE COMPUTADORA</subfield>
    </datafield>
    <datafield tag="650" ind1=" " ind2=" ">
      <subfield code="a"> MATERIAL DE CATEDRA</subfield>
    </datafield>
    <datafield tag="942" ind1=" " ind2=" ">
      <subfield code="c">CD</subfield>
    </datafield>
    <datafield tag="952" ind1=" " ind2=" ">
      <subfield code="a">BIB_RECT</subfield>
      <subfield code="b">BIB_UARG</subfield>
      <subfield code="d">2005-08-23</subfield>
      <subfield code="y">CD</subfield>
      <subfield code="p">05-MC0011</subfield>
      <subfield code="i">05-MC0011</subfield>
      <subfield code="g">20</subfield>
      <subfield code="o">CD004.2 U588o</subfield>
      <subfield code="e">Donación Talay</subfield>
      <subfield code="8">MM</subfield>
    </datafield>
    <datafield tag="952" ind1=" " ind2=" ">
      <subfield code="a">BIB_RECT</subfield>
      <subfield code="b">BIB_UARG</subfield>
      <subfield code="d">2005-08-23</subfield>
      <subfield code="y">CD</subfield>
      <subfield code="p">05-MC0012</subfield>
      <subfield code="i">05-MC0012</subfield>
      <subfield code="g">20</subfield>
      <subfield code="o">CD004.2 U588o</subfield>
      <subfield code="e">Donación Talay</subfield>
      <subfield code="8">MM</subfield>
    </datafield>
    <datafield tag="952" ind1=" " ind2=" ">
      <subfield code="a">BIB_RECT</subfield>
      <subfield code="b">BIB_UARG</subfield>
      <subfield code="d">2005-08-23</subfield>
      <subfield code="y">CD</subfield>
      <subfield code="p">05-MC0013</subfield>
      <subfield code="i">05-MC0013</subfield>
      <subfield code="g">20</subfield>
      <subfield code="o">CD004.2 U588o</subfield>
      <subfield code="e">Donación Talay</subfield>
      <subfield code="8">MM</subfield>
    </datafield>
  </record>