
  <record>
    <leader>01000aam  22002601a 4500</leader>
    <controlfield tag="001">YPZ3941</controlfield>
    <controlfield tag="003">YPZ</controlfield>
    <controlfield tag="005">200504290000000</controlfield>
    <controlfield tag="008">050429|###########||||||b||||||||||spa|d</controlfield>
    <datafield tag="020" ind1=" " ind2=" ">
      <subfield code="a">950896331X</subfield>
    </datafield>
    <datafield tag="040" ind1=" " ind2=" ">
      <subfield code="c">SIUNPA</subfield>
    </datafield>
    <datafield tag="041" ind1=" " ind2=" ">
      <subfield code="a">spa</subfield>
    </datafield>
    <datafield tag="044" ind1=" " ind2=" ">
      <subfield code="a">AR</subfield>
    </datafield>
    <datafield tag="080" ind1=" " ind2=" ">
      <subfield code="a">CD314.02 I597c 2001</subfield>
    </datafield>
    <datafield tag="110" ind1=" " ind2=" ">
      <subfield code="a">Instituto Nacional de Estadísticas y Censos (Argentina).</subfield>
    </datafield>
    <datafield tag="245" ind1=" " ind2=" ">
      <subfield code="a">Censo nacional de población, hogares y viviendas 2001</subfield>
      <subfield code="b"> : provincia de Santa Cruz</subfield>
    </datafield>
    <datafield tag="260" ind1=" " ind2=" ">
      <subfield code="a">Buenos Aires</subfield>
      <subfield code="b"> : INDEC</subfield>
      <subfield code="c"> , [2003?]</subfield>
    </datafield>
    <datafield tag="440" ind1=" " ind2=" ">
      <subfield code="a">Censo 2001. Serie 2, resultados generales</subfield>
      <subfield code="v">no.20</subfield>
    </datafield>
    <datafield tag="490" ind1=" " ind2=" ">
      <subfield code="a">Censo 2001. Serie 2, resultados generales</subfield>
      <subfield code="v">no.20</subfield>
    </datafield>
    <datafield tag="500" ind1=" " ind2=" ">
      <subfield code="a">Contenido del CD-ROM: información desagregada a nivel provincial / departamental, urbano / rural, localidad y áreas de gobierno local (municipios, comisiones de fomento, etc.). Contenido del folleto: índice completo del contenido del CD-ROM y selección impresa de cuadros con algunas de las características básicas de la población, hogares y viviendas relevados por el Censo 2001 en el territorio provincial</subfield>
    </datafield>
    <datafield tag="650" ind1=" " ind2=" ">
      <subfield code="a"> CENSO DE POBLACION</subfield>
    </datafield>
    <datafield tag="650" ind1=" " ind2=" ">
      <subfield code="a"> SANTA CRUZ (ARGENTINA)</subfield>
    </datafield>
    <datafield tag="942" ind1=" " ind2=" ">
      <subfield code="c">CD</subfield>
    </datafield>
    <datafield tag="952" ind1=" " ind2=" ">
      <subfield code="a">BIB_RECT</subfield>
      <subfield code="b">BIB_UACO</subfield>
      <subfield code="d">2005-08-23</subfield>
      <subfield code="y">CD</subfield>
      <subfield code="p">02-27717</subfield>
      <subfield code="i">02-27717</subfield>
      <subfield code="g">10</subfield>
      <subfield code="o">CD314.02 I597c 2001</subfield>
      <subfield code="e">INDEC</subfield>
      <subfield code="8">MM</subfield>
    </datafield>
    <datafield tag="952" ind1=" " ind2=" ">
      <subfield code="a">BIB_RECT</subfield>
      <subfield code="b">BIB_UARG</subfield>
      <subfield code="d">2005-08-23</subfield>
      <subfield code="y">CD</subfield>
      <subfield code="p">05-24620</subfield>
      <subfield code="i">05-24620</subfield>
      <subfield code="g">10</subfield>
      <subfield code="o">CD314.02 I597c 2001</subfield>
      <subfield code="e">INDEC</subfield>
      <subfield code="8">MM</subfield>
    </datafield>
    <datafield tag="952" ind1=" " ind2=" ">
      <subfield code="a">BIB_RECT</subfield>
      <subfield code="b">BIB_UARG</subfield>
      <subfield code="d">2005-08-23</subfield>
      <subfield code="y">CD</subfield>
      <subfield code="p">05-24621</subfield>
      <subfield code="i">05-24621</subfield>
      <subfield code="g">10</subfield>
      <subfield code="o">CD314.02 I597c 2001</subfield>
      <subfield code="e">INDEC</subfield>
      <subfield code="8">MM</subfield>
    </datafield>
    <datafield tag="952" ind1=" " ind2=" ">
      <subfield code="a">BIB_RECT</subfield>
      <subfield code="b">BIB_UARG</subfield>
      <subfield code="d">2005-08-23</subfield>
      <subfield code="y">CD</subfield>
      <subfield code="p">05-24622</subfield>
      <subfield code="i">05-24622</subfield>
      <subfield code="g">10</subfield>
      <subfield code="o">CD314.02 I597c 2001</subfield>
      <subfield code="e">INDEC</subfield>
      <subfield code="8">MM</subfield>
    </datafield>
  </record>