
  <record>
    <leader>01000aam  22002601a 4500</leader>
    <controlfield tag="001">YPZ5162</controlfield>
    <controlfield tag="003">YPZ</controlfield>
    <controlfield tag="005">200508310000000</controlfield>
    <controlfield tag="008">050831|###########||||||b||||||||||spa|d</controlfield>
    <datafield tag="020" ind1=" " ind2=" ">
      <subfield code="a">9508961783</subfield>
    </datafield>
    <datafield tag="040" ind1=" " ind2=" ">
      <subfield code="c">SIUNPA</subfield>
    </datafield>
    <datafield tag="041" ind1=" " ind2=" ">
      <subfield code="a">spa</subfield>
    </datafield>
    <datafield tag="044" ind1=" " ind2=" ">
      <subfield code="a">AR</subfield>
    </datafield>
    <datafield tag="080" ind1=" " ind2=" ">
      <subfield code="a">CD308 I597m Santa Cruz</subfield>
    </datafield>
    <datafield tag="110" ind1=" " ind2=" ">
      <subfield code="a">Instituto Nacional de Estadísticas y Censos (Argentina), Programa de Información Estadística y Apoyo a los Municipios (PRINEM).</subfield>
    </datafield>
    <datafield tag="245" ind1=" " ind2=" ">
      <subfield code="a">Los municipios de la provincia de Santa Cruz</subfield>
      <subfield code="b"> : estadísticas básicas</subfield>
    </datafield>
    <datafield tag="260" ind1=" " ind2=" ">
      <subfield code="a">Buenos Aires</subfield>
      <subfield code="b"> : INDEC</subfield>
      <subfield code="c"> , 1998</subfield>
    </datafield>
    <datafield tag="650" ind1=" " ind2=" ">
      <subfield code="a">MUNICIPIOSESTADISTICA DEMOGRAFICADESARROLLO ECONOMICO Y SOCIALDATO ESTADISTICOSANTA CRUZ (ARGENTINA)</subfield>
    </datafield>
    <datafield tag="942" ind1=" " ind2=" ">
      <subfield code="c">CD</subfield>
    </datafield>
    <datafield tag="952" ind1=" " ind2=" ">
      <subfield code="a">BIB_RECT</subfield>
      <subfield code="b">BIB_UACO</subfield>
      <subfield code="d">2005-08-12</subfield>
      <subfield code="y">CD</subfield>
      <subfield code="p">02-28646</subfield>
      <subfield code="i">02-28646</subfield>
      <subfield code="g">25</subfield>
      <subfield code="o">CD308 I597m Santa Cruz</subfield>
      <subfield code="e">INDEC</subfield>
      <subfield code="8">MM</subfield>
    </datafield>
    <datafield tag="952" ind1=" " ind2=" ">
      <subfield code="a">BIB_RECT</subfield>
      <subfield code="b">BIB_UACO</subfield>
      <subfield code="d">2005-08-12</subfield>
      <subfield code="y">CD</subfield>
      <subfield code="p">02-28647</subfield>
      <subfield code="i">02-28647</subfield>
      <subfield code="g">25</subfield>
      <subfield code="o">CD308 I597m Santa Cruz</subfield>
      <subfield code="e">INDEC</subfield>
      <subfield code="8">MM</subfield>
    </datafield>
    <datafield tag="952" ind1=" " ind2=" ">
      <subfield code="a">BIB_RECT</subfield>
      <subfield code="b">BIB_UARG</subfield>
      <subfield code="d">2006-08-28</subfield>
      <subfield code="y">CD</subfield>
      <subfield code="p">05-15950</subfield>
      <subfield code="i">05-15950</subfield>
      <subfield code="g"/>
      <subfield code="o">CD308 I597m Santa Cruz</subfield>
      <subfield code="e"/>
      <subfield code="8">MM</subfield>
    </datafield>
    <datafield tag="952" ind1=" " ind2=" ">
      <subfield code="a">BIB_RECT</subfield>
      <subfield code="b">BIB_UARG</subfield>
      <subfield code="d">2004-02-19</subfield>
      <subfield code="y">CD</subfield>
      <subfield code="p">05-22962</subfield>
      <subfield code="i">05-22962</subfield>
      <subfield code="g">25</subfield>
      <subfield code="o">CD308 I597m Santa Cruz</subfield>
      <subfield code="e">INDEC</subfield>
      <subfield code="8">MM</subfield>
    </datafield>
    <datafield tag="952" ind1=" " ind2=" ">
      <subfield code="a">BIB_RECT</subfield>
      <subfield code="b">BIB_UARG</subfield>
      <subfield code="d">2004-02-19</subfield>
      <subfield code="y">CD</subfield>
      <subfield code="p">05-22963</subfield>
      <subfield code="i">05-22963</subfield>
      <subfield code="g">25</subfield>
      <subfield code="o">CD308 I597m Santa Cruz</subfield>
      <subfield code="e">INDEC</subfield>
      <subfield code="8">MM</subfield>
    </datafield>
    <datafield tag="952" ind1=" " ind2=" ">
      <subfield code="a">BIB_RECT</subfield>
      <subfield code="b">BIB_UARG</subfield>
      <subfield code="d">2004-02-19</subfield>
      <subfield code="y">CD</subfield>
      <subfield code="p">05-22964</subfield>
      <subfield code="i">05-22964</subfield>
      <subfield code="g">25</subfield>
      <subfield code="o">CD308 I597m Santa Cruz</subfield>
      <subfield code="e">INDEC</subfield>
      <subfield code="8">MM</subfield>
    </datafield>
    <datafield tag="952" ind1=" " ind2=" ">
      <subfield code="a">BIB_RECT</subfield>
      <subfield code="b">BIB_UARG</subfield>
      <subfield code="d">2004-02-19</subfield>
      <subfield code="y">CD</subfield>
      <subfield code="p">05-25902</subfield>
      <subfield code="i">05-25902</subfield>
      <subfield code="g">25</subfield>
      <subfield code="o">CD308 I597m Santa Cruz</subfield>
      <subfield code="e">INDEC</subfield>
      <subfield code="8">MM</subfield>
    </datafield>
    <datafield tag="952" ind1=" " ind2=" ">
      <subfield code="a">BIB_RECT</subfield>
      <subfield code="b">BIB_UARG</subfield>
      <subfield code="d">2004-02-19</subfield>
      <subfield code="y">CD</subfield>
      <subfield code="p">05-25903</subfield>
      <subfield code="i">05-25903</subfield>
      <subfield code="g">25</subfield>
      <subfield code="o">CD308 I597m Santa Cruz</subfield>
      <subfield code="e">INDEC</subfield>
      <subfield code="8">MM</subfield>
    </datafield>
  </record>