
  <record>
    <leader>01000aam  22002601a 4500</leader>
    <controlfield tag="001">YPZ5281</controlfield>
    <controlfield tag="003">YPZ</controlfield>
    <controlfield tag="005">200509261713470</controlfield>
    <controlfield tag="008">050926|###########||||||b||||||||||spa|d</controlfield>
    <datafield tag="040" ind1=" " ind2=" ">
      <subfield code="c">SIUNPA</subfield>
    </datafield>
    <datafield tag="041" ind1=" " ind2=" ">
      <subfield code="a">spa</subfield>
      <subfield code="a">eng</subfield>
    </datafield>
    <datafield tag="044" ind1=" " ind2=" ">
      <subfield code="a">AR</subfield>
    </datafield>
    <datafield tag="080" ind1=" " ind2=" ">
      <subfield code="a">CD314.02(058) I597a</subfield>
    </datafield>
    <datafield tag="110" ind1=" " ind2=" ">
      <subfield code="a">Instituto Nacional de Estadísticas y Censos (Argentina).</subfield>
    </datafield>
    <datafield tag="245" ind1=" " ind2=" ">
      <subfield code="a">Anuario estadístico de la República Argentina 1998</subfield>
      <subfield code="b"> : versión español/inglés</subfield>
    </datafield>
    <datafield tag="246" ind1=" " ind2=" ">
      <subfield code="a">Statistical yearbook of the Argentine Republic 1998 : english/spanish version.</subfield>
    </datafield>
    <datafield tag="260" ind1=" " ind2=" ">
      <subfield code="a">Buenos Aires</subfield>
      <subfield code="b"> : INDEC</subfield>
      <subfield code="c"> , [1998?]</subfield>
    </datafield>
    <datafield tag="650" ind1=" " ind2=" ">
      <subfield code="a"> ESTADISTICA</subfield>
    </datafield>
    <datafield tag="650" ind1=" " ind2=" ">
      <subfield code="a"> ANUARIO</subfield>
    </datafield>
    <datafield tag="650" ind1=" " ind2=" ">
      <subfield code="a"> ARGENTINA</subfield>
    </datafield>
    <datafield tag="942" ind1=" " ind2=" ">
      <subfield code="c">CD</subfield>
    </datafield>
    <datafield tag="952" ind1=" " ind2=" ">
      <subfield code="a">BIB_RECT</subfield>
      <subfield code="b">BIB_UACO</subfield>
      <subfield code="d">2005-08-12</subfield>
      <subfield code="y">CD</subfield>
      <subfield code="p">02-28630</subfield>
      <subfield code="i">02-28630</subfield>
      <subfield code="g">25</subfield>
      <subfield code="o">CD314.02(058) I597a</subfield>
      <subfield code="e">INDEC</subfield>
      <subfield code="8">MM</subfield>
    </datafield>
    <datafield tag="952" ind1=" " ind2=" ">
      <subfield code="a">BIB_RECT</subfield>
      <subfield code="b">BIB_UACO</subfield>
      <subfield code="d">2005-08-12</subfield>
      <subfield code="y">CD</subfield>
      <subfield code="p">02-28631</subfield>
      <subfield code="i">02-28631</subfield>
      <subfield code="g">25</subfield>
      <subfield code="o">CD314.02(058) I597a</subfield>
      <subfield code="e">INDEC</subfield>
      <subfield code="8">MM</subfield>
    </datafield>
    <datafield tag="952" ind1=" " ind2=" ">
      <subfield code="a">BIB_RECT</subfield>
      <subfield code="b">BIB_UACO</subfield>
      <subfield code="d">2005-08-12</subfield>
      <subfield code="y">CD</subfield>
      <subfield code="p">02-28632</subfield>
      <subfield code="i">02-28632</subfield>
      <subfield code="g">25</subfield>
      <subfield code="o">CD314.02(058) I597a</subfield>
      <subfield code="e">INDEC</subfield>
      <subfield code="8">MM</subfield>
    </datafield>
  </record>