
  <record>
    <leader>01000aam  22002601a 4500</leader>
    <controlfield tag="001">YPZ5695</controlfield>
    <controlfield tag="003">YPZ</controlfield>
    <controlfield tag="005">200602171850360</controlfield>
    <controlfield tag="008">060217|###########||||||b||||||||||spa|d</controlfield>
    <datafield tag="020" ind1=" " ind2=" ">
      <subfield code="a">9506734793</subfield>
    </datafield>
    <datafield tag="040" ind1=" " ind2=" ">
      <subfield code="c">SIUNPA</subfield>
    </datafield>
    <datafield tag="041" ind1=" " ind2=" ">
      <subfield code="a">spa</subfield>
    </datafield>
    <datafield tag="044" ind1=" " ind2=" ">
      <subfield code="a">AR</subfield>
    </datafield>
    <datafield tag="080" ind1=" " ind2=" ">
      <subfield code="a">CD930.2 J828i 10</subfield>
    </datafield>
    <datafield tag="110" ind1=" " ind2=" ">
      <subfield code="a">Jornadas Interescuelas Departamentos de Historia (10 : 2005 : Rosario).</subfield>
    </datafield>
    <datafield tag="245" ind1=" " ind2=" ">
      <subfield code="a">Actas de las Xº Jornadas Interescuelas Departamentos de Historia</subfield>
    </datafield>
    <datafield tag="260" ind1=" " ind2=" ">
      <subfield code="a">Santa Fé</subfield>
      <subfield code="a">Rosario</subfield>
      <subfield code="b"> : Departamento de Historia, Facultad de Ciencias de la Educación, Universidad Nacional del Litoral</subfield>
      <subfield code="b"> : Escuela de Historia, Facultad de Humanidades y Artes, Universidad Nacional de Rosario</subfield>
      <subfield code="c"> , 2005</subfield>
    </datafield>
    <datafield tag="650" ind1=" " ind2=" ">
      <subfield code="a"> HISTORIOGRAFIA</subfield>
    </datafield>
    <datafield tag="650" ind1=" " ind2=" ">
      <subfield code="a"> ENSEÑANZA DE LA HISTORIA</subfield>
    </datafield>
    <datafield tag="650" ind1=" " ind2=" ">
      <subfield code="a"> HISTORIA POLITICA</subfield>
    </datafield>
    <datafield tag="650" ind1=" " ind2=" ">
      <subfield code="a"> HISTORIA DE LA EDUCACION</subfield>
    </datafield>
    <datafield tag="650" ind1=" " ind2=" ">
      <subfield code="a"> HISTORIA CULTURAL</subfield>
    </datafield>
    <datafield tag="942" ind1=" " ind2=" ">
      <subfield code="c">CD</subfield>
    </datafield>
    <datafield tag="952" ind1=" " ind2=" ">
      <subfield code="a">BIB_RECT</subfield>
      <subfield code="b">BIB_UACO</subfield>
      <subfield code="d">2008-12-17</subfield>
      <subfield code="y">CD</subfield>
      <subfield code="p">02-36531</subfield>
      <subfield code="i">02-36531</subfield>
      <subfield code="g">24</subfield>
      <subfield code="o">CD930.2 J828i 10</subfield>
      <subfield code="e">Dpto. Cs. Sociales UACO/05</subfield>
      <subfield code="8">MM</subfield>
    </datafield>
    <datafield tag="952" ind1=" " ind2=" ">
      <subfield code="a">BIB_RECT</subfield>
      <subfield code="b">BIB_UASJ</subfield>
      <subfield code="d">2006-02-08</subfield>
      <subfield code="y">CD</subfield>
      <subfield code="p">04-29634</subfield>
      <subfield code="i">04-29634</subfield>
      <subfield code="g">25</subfield>
      <subfield code="o">CD930.2 J828i 10</subfield>
      <subfield code="e">Donación AHEPA</subfield>
      <subfield code="8">MM</subfield>
    </datafield>
    <datafield tag="952" ind1=" " ind2=" ">
      <subfield code="a">BIB_RECT</subfield>
      <subfield code="b">BIB_UARG</subfield>
      <subfield code="d">2006-02-08</subfield>
      <subfield code="y">CD</subfield>
      <subfield code="p">05-29626</subfield>
      <subfield code="i">05-29626</subfield>
      <subfield code="g">18</subfield>
      <subfield code="o">CD930.2 J828i 10</subfield>
      <subfield code="e">Donación Pierini, María De los Milagros</subfield>
      <subfield code="8">MM</subfield>
    </datafield>
  </record>