
  <record>
    <leader>01000aam  22002601a 4500</leader>
    <controlfield tag="001">YPZ6131</controlfield>
    <controlfield tag="003">YPZ</controlfield>
    <controlfield tag="005">200605291610380</controlfield>
    <controlfield tag="008">060529|###########||||||b||||||||||spa|d</controlfield>
    <datafield tag="040" ind1=" " ind2=" ">
      <subfield code="c">SIUNPA</subfield>
    </datafield>
    <datafield tag="041" ind1=" " ind2=" ">
      <subfield code="a">spa</subfield>
    </datafield>
    <datafield tag="044" ind1=" " ind2=" ">
      <subfield code="a">AR</subfield>
    </datafield>
    <datafield tag="080" ind1=" " ind2=" ">
      <subfield code="a">CD338.48 P969r</subfield>
    </datafield>
    <datafield tag="110" ind1=" " ind2=" ">
      <subfield code="a">Proyecto ARG02/G31. Consolidación e Implementación del Plan de Manejo de la Zona Costera Patagónica para la Conservación de la Biodiversidad.</subfield>
    </datafield>
    <datafield tag="245" ind1=" " ind2=" ">
      <subfield code="a">Relevamiento de oferta y demanda turística-recreativa en las localidades costeras de Río Negro, Chubut, Santa Cruz y Tierra del Fuego</subfield>
    </datafield>
    <datafield tag="260" ind1=" " ind2=" ">
      <subfield code="a">[Puerto Madryn]</subfield>
      <subfield code="b"> : Fundación Patagonia Natural</subfield>
      <subfield code="b"> : PNUD</subfield>
      <subfield code="b"> : Global Environment Facility, GEF</subfield>
      <subfield code="c"> , 2003</subfield>
    </datafield>
    <datafield tag="650" ind1=" " ind2=" ">
      <subfield code="a"> TURISMO</subfield>
    </datafield>
    <datafield tag="650" ind1=" " ind2=" ">
      <subfield code="a"> DATO ESTADISTICO</subfield>
    </datafield>
    <datafield tag="650" ind1=" " ind2=" ">
      <subfield code="a"> REGION PATAGONICA</subfield>
    </datafield>
    <datafield tag="942" ind1=" " ind2=" ">
      <subfield code="c">CD</subfield>
    </datafield>
    <datafield tag="952" ind1=" " ind2=" ">
      <subfield code="a">BIB_RECT</subfield>
      <subfield code="b">BIB_UASJ</subfield>
      <subfield code="d">2006-04-26</subfield>
      <subfield code="y">CD</subfield>
      <subfield code="p">04-30249</subfield>
      <subfield code="i">04-30249</subfield>
      <subfield code="g">24</subfield>
      <subfield code="o">CD338.48 P969r</subfield>
      <subfield code="e">Donación</subfield>
      <subfield code="8">MM</subfield>
    </datafield>
  </record>