
  <record>
    <leader>01000aam  22002601a 4500</leader>
    <controlfield tag="001">YPZ6171</controlfield>
    <controlfield tag="003">YPZ</controlfield>
    <controlfield tag="005">200606131122100</controlfield>
    <controlfield tag="008">060613|###########||||||b||||||||||spa|d</controlfield>
    <datafield tag="022" ind1=" " ind2=" ">
      <subfield code="a">16686362</subfield>
    </datafield>
    <datafield tag="040" ind1=" " ind2=" ">
      <subfield code="c">SIUNPA</subfield>
    </datafield>
    <datafield tag="041" ind1=" " ind2=" ">
      <subfield code="a">spa</subfield>
    </datafield>
    <datafield tag="044" ind1=" " ind2=" ">
      <subfield code="a">AR</subfield>
    </datafield>
    <datafield tag="080" ind1=" " ind2=" ">
      <subfield code="a">CD378.4</subfield>
    </datafield>
    <datafield tag="110" ind1=" " ind2=" ">
      <subfield code="a">Universidad Nacional de la Patagonia Austral.</subfield>
    </datafield>
    <datafield tag="245" ind1=" " ind2=" ">
      <subfield code="a">Anuario 2003</subfield>
    </datafield>
    <datafield tag="260" ind1=" " ind2=" ">
      <subfield code="a">Río Gallegos</subfield>
      <subfield code="b"> : UNPA, Secretaría de Planeamiento, Sistema de Estadísticas</subfield>
      <subfield code="c"> , 2004</subfield>
    </datafield>
    <datafield tag="650" ind1=" " ind2=" ">
      <subfield code="a"> ANUARIO</subfield>
    </datafield>
    <datafield tag="650" ind1=" " ind2=" ">
      <subfield code="a"> UNIVERSIDAD NACIONAL DE LA PATAGONIA AUSTRAL</subfield>
    </datafield>
    <datafield tag="650" ind1=" " ind2=" ">
      <subfield code="a"> SANTA CRUZ (ARGENTINA)</subfield>
    </datafield>
    <datafield tag="942" ind1=" " ind2=" ">
      <subfield code="c">CD</subfield>
    </datafield>
    <datafield tag="952" ind1=" " ind2=" ">
      <subfield code="a">BIB_RECT</subfield>
      <subfield code="b">BIB_UACO</subfield>
      <subfield code="d">2008-04-28</subfield>
      <subfield code="y">CD</subfield>
      <subfield code="p">02-35362</subfield>
      <subfield code="i">02-35362</subfield>
      <subfield code="g">28</subfield>
      <subfield code="o">CD378.4</subfield>
      <subfield code="e">UACO</subfield>
      <subfield code="8">MM</subfield>
    </datafield>
    <datafield tag="952" ind1=" " ind2=" ">
      <subfield code="a">BIB_RECT</subfield>
      <subfield code="b">BIB_UASJ</subfield>
      <subfield code="d">2006-04-17</subfield>
      <subfield code="y">CD</subfield>
      <subfield code="p">04-30164</subfield>
      <subfield code="i">04-30164</subfield>
      <subfield code="g">25</subfield>
      <subfield code="o">CD378.4</subfield>
      <subfield code="e">Donación</subfield>
      <subfield code="8">MM</subfield>
    </datafield>
  </record>