
  <record>
    <leader>01000aam  22002601a 4500</leader>
    <controlfield tag="001">YPZ15386</controlfield>
    <controlfield tag="003">YPZ</controlfield>
    <controlfield tag="005">200609271352280</controlfield>
    <controlfield tag="008">060927|###########||||||b||||||||||spa|d</controlfield>
    <datafield tag="040" ind1=" " ind2=" ">
      <subfield code="c">SIUNPA</subfield>
    </datafield>
    <datafield tag="041" ind1=" " ind2=" ">
      <subfield code="a">spa</subfield>
    </datafield>
    <datafield tag="044" ind1=" " ind2=" ">
      <subfield code="a">AR</subfield>
    </datafield>
    <datafield tag="080" ind1=" " ind2=" ">
      <subfield code="a">CD004.6 G984da</subfield>
    </datafield>
    <datafield tag="100" ind1=" " ind2=" ">
      <subfield code="a">Gutiérrez, José M..</subfield>
    </datafield>
    <datafield tag="245" ind1=" " ind2=" ">
      <subfield code="a">Data mining</subfield>
      <subfield code="b"> : extracción de conocimiento de grandes bases de datos</subfield>
    </datafield>
    <datafield tag="260" ind1=" " ind2=" ">
      <subfield code="a">El Calafate</subfield>
      <subfield code="b"> : Congreso Argentino de Ciencias de la Computación</subfield>
      <subfield code="c"> , 2001</subfield>
    </datafield>
    <datafield tag="500" ind1=" " ind2=" ">
      <subfield code="a">Presentado en el Congreso Argentino de Ciencias de la Computación (7 : 2001 : El Calafate)</subfield>
    </datafield>
    <datafield tag="500" ind1=" " ind2=" ">
      <subfield code="a">Escuela Internacional de Informática (5 : 2001 : El Calafate)</subfield>
    </datafield>
    <datafield tag="650" ind1=" " ind2=" ">
      <subfield code="a"> BASE DE DATOS</subfield>
    </datafield>
    <datafield tag="650" ind1=" " ind2=" ">
      <subfield code="a"> MINERIA DE DATOS</subfield>
    </datafield>
    <datafield tag="942" ind1=" " ind2=" ">
      <subfield code="c">CD</subfield>
    </datafield>
    <datafield tag="952" ind1=" " ind2=" ">
      <subfield code="a">BIB_RECT</subfield>
      <subfield code="b">BIB_UASJ</subfield>
      <subfield code="d">2006-08-04</subfield>
      <subfield code="y">CD</subfield>
      <subfield code="p">04-30156</subfield>
      <subfield code="i">04-30156</subfield>
      <subfield code="g">20</subfield>
      <subfield code="o">CD004.6 G984da</subfield>
      <subfield code="e">Donación</subfield>
      <subfield code="8">MM</subfield>
    </datafield>
    <datafield tag="952" ind1=" " ind2=" ">
      <subfield code="a">BIB_RECT</subfield>
      <subfield code="b">BIB_UASJ</subfield>
      <subfield code="d">2006-08-04</subfield>
      <subfield code="y">CD</subfield>
      <subfield code="p">04-30157</subfield>
      <subfield code="i">04-30157</subfield>
      <subfield code="g">20</subfield>
      <subfield code="o">CD004.6 G984da</subfield>
      <subfield code="e">Donación</subfield>
      <subfield code="8">MM</subfield>
    </datafield>
  </record>