
  <record>
    <leader>01000aam  22002601a 4500</leader>
    <controlfield tag="001">YPZ18559</controlfield>
    <controlfield tag="003">YPZ</controlfield>
    <controlfield tag="005">200702131927380</controlfield>
    <controlfield tag="008">070213|###########||||||b||||||||||spa|d</controlfield>
    <datafield tag="020" ind1=" " ind2=" ">
      <subfield code="a">9879806956</subfield>
    </datafield>
    <datafield tag="040" ind1=" " ind2=" ">
      <subfield code="c">SIUNPA</subfield>
    </datafield>
    <datafield tag="041" ind1=" " ind2=" ">
      <subfield code="a">spa</subfield>
    </datafield>
    <datafield tag="044" ind1=" " ind2=" ">
      <subfield code="a">AR</subfield>
    </datafield>
    <datafield tag="080" ind1=" " ind2=" ">
      <subfield code="a">CD371.13 J828i3</subfield>
    </datafield>
    <datafield tag="110" ind1=" " ind2=" ">
      <subfield code="a">Jornadas de Innovación Pedagógica en el Aula Universitaria (3 : 2004 : Bahía Blanca).</subfield>
    </datafield>
    <datafield tag="245" ind1=" " ind2=" ">
      <subfield code="a">3as. Jornadas de innovación pedagógica en el aula universitaria</subfield>
      <subfield code="b"> : 3 al 5 de julio de 2004</subfield>
      <subfield code="c"> / Universidad Nacional del Sur. Departamento de Humanidades, org.</subfield>
    </datafield>
    <datafield tag="260" ind1=" " ind2=" ">
      <subfield code="a">Bahía Blanca</subfield>
      <subfield code="b"> : Universidad Nacional del Sur</subfield>
      <subfield code="c"> , 2004</subfield>
    </datafield>
    <datafield tag="650" ind1=" " ind2=" ">
      <subfield code="a"> ESTRATEGIAS EDUCACIONALES</subfield>
    </datafield>
    <datafield tag="650" ind1=" " ind2=" ">
      <subfield code="a"> INNOVACION PEDAGOGICA</subfield>
    </datafield>
    <datafield tag="650" ind1=" " ind2=" ">
      <subfield code="a"> ENSEÑANZA UNIVERSITARIA</subfield>
    </datafield>
    <datafield tag="650" ind1=" " ind2=" ">
      <subfield code="a"> INNOVACIONES EDUCACIONALES</subfield>
    </datafield>
    <datafield tag="942" ind1=" " ind2=" ">
      <subfield code="c">CD</subfield>
    </datafield>
    <datafield tag="952" ind1=" " ind2=" ">
      <subfield code="a">BIB_RECT</subfield>
      <subfield code="b">BIB_UACO</subfield>
      <subfield code="d">2006-05-03</subfield>
      <subfield code="y">CD</subfield>
      <subfield code="p">02-30295</subfield>
      <subfield code="i">02-30295</subfield>
      <subfield code="g">20</subfield>
      <subfield code="o">CD371.13 J828i3</subfield>
      <subfield code="e">Donación</subfield>
      <subfield code="8">MM</subfield>
    </datafield>
  </record>