
  <record>
    <leader>01000aam  22002601a 4500</leader>
    <controlfield tag="001">YPZ18639</controlfield>
    <controlfield tag="003">YPZ</controlfield>
    <controlfield tag="005">200702221510540</controlfield>
    <controlfield tag="008">070222|###########||||||b||||||||||spa|d</controlfield>
    <datafield tag="040" ind1=" " ind2=" ">
      <subfield code="c">SIUNPA</subfield>
    </datafield>
    <datafield tag="041" ind1=" " ind2=" ">
      <subfield code="a">spa</subfield>
    </datafield>
    <datafield tag="044" ind1=" " ind2=" ">
      <subfield code="a">AR</subfield>
    </datafield>
    <datafield tag="080" ind1=" " ind2=" ">
      <subfield code="a">CD37(091) S243c</subfield>
    </datafield>
    <datafield tag="100" ind1=" " ind2=" ">
      <subfield code="a">Sarasa, Ariel Nicolás.</subfield>
    </datafield>
    <datafield tag="700" ind1=" " ind2=" ">
      <subfield code="a">Rozas, Dina N..</subfield>
    </datafield>
    <datafield tag="245" ind1=" " ind2=" ">
      <subfield code="a">Colegio Secundario Provincial</subfield>
      <subfield code="b"> : archivo digital</subfield>
    </datafield>
    <datafield tag="260" ind1=" " ind2=" ">
      <subfield code="a">[Puerto San Julián]</subfield>
      <subfield code="b"> : Programa AHEPA, UNPA</subfield>
      <subfield code="c"> , [2006]</subfield>
    </datafield>
    <datafield tag="500" ind1=" " ind2=" ">
      <subfield code="a">Otro subt.: Instituto Libre de Enseñanza Superior de Comandante Luis Piedra Buena (1957-1958). Colegio Secundario Provincial Nº 1 de Comandante Luis Piedra Buena (1958-1960)</subfield>
    </datafield>
    <datafield tag="505" ind1=" " ind2=" ">
      <subfield code="a">Contiene: 672 imágenes ? 467 documentos ? Guía para localización de archivos y datos</subfield>
    </datafield>
    <datafield tag="650" ind1=" " ind2=" ">
      <subfield code="a"> HISTORIA DE LA EDUCACION</subfield>
    </datafield>
    <datafield tag="650" ind1=" " ind2=" ">
      <subfield code="a"> COMANDANTE PIEDRABUENA (SANTA CRUZ)</subfield>
    </datafield>
    <datafield tag="650" ind1=" " ind2=" ">
      <subfield code="a"> COLEGIO SECUNDARIO PROVINCIAL ILES (SANTA CRUZ)</subfield>
    </datafield>
    <datafield tag="942" ind1=" " ind2=" ">
      <subfield code="c">CD</subfield>
    </datafield>
    <datafield tag="952" ind1=" " ind2=" ">
      <subfield code="a">BIB_RECT</subfield>
      <subfield code="b">BIB_UASJ</subfield>
      <subfield code="d">2006-05-29</subfield>
      <subfield code="y">CD</subfield>
      <subfield code="p">04-30344</subfield>
      <subfield code="i">04-30344</subfield>
      <subfield code="g">20</subfield>
      <subfield code="o">CD37(091) S243c</subfield>
      <subfield code="e">AHEPA</subfield>
      <subfield code="8">MM</subfield>
    </datafield>
  </record>