
  <record>
    <leader>01000aam  22002601a 4500</leader>
    <controlfield tag="001">YPZ87366</controlfield>
    <controlfield tag="003">YPZ</controlfield>
    <controlfield tag="005">200712121232170</controlfield>
    <controlfield tag="008">071212|###########||||||b||||||||||spa|d</controlfield>
    <datafield tag="040" ind1=" " ind2=" ">
      <subfield code="c">SIUNPA</subfield>
    </datafield>
    <datafield tag="041" ind1=" " ind2=" ">
      <subfield code="a">spa</subfield>
    </datafield>
    <datafield tag="044" ind1=" " ind2=" ">
      <subfield code="a">AR</subfield>
    </datafield>
    <datafield tag="080" ind1=" " ind2=" ">
      <subfield code="a">CD37(091) J828a 14</subfield>
    </datafield>
    <datafield tag="110" ind1=" " ind2=" ">
      <subfield code="a">Jornadas Argentinas de Historia de la Educación (14 : 2006 : La Plata).</subfield>
    </datafield>
    <datafield tag="245" ind1=" " ind2=" ">
      <subfield code="a">Habitar la escuela</subfield>
      <subfield code="b"> : producciones, encuentros y conflictos</subfield>
      <subfield code="c"> / Sociedad Argentina de Historia de la Educación, org.</subfield>
    </datafield>
    <datafield tag="260" ind1=" " ind2=" ">
      <subfield code="a">La Plata</subfield>
      <subfield code="b"> : Facultad de Humanidades y Ciencias de la Educación, Universidad Nacional de La Plata</subfield>
      <subfield code="b"> : Sociedad Argentina de Historia de la Educación</subfield>
      <subfield code="c"> , 2006</subfield>
    </datafield>
    <datafield tag="650" ind1=" " ind2=" ">
      <subfield code="a"> HISTORIA DE LA EDUCACION</subfield>
    </datafield>
    <datafield tag="650" ind1=" " ind2=" ">
      <subfield code="a"> SIGLO XIX</subfield>
    </datafield>
    <datafield tag="650" ind1=" " ind2=" ">
      <subfield code="a"> SIGLO XX</subfield>
    </datafield>
    <datafield tag="650" ind1=" " ind2=" ">
      <subfield code="a"> ARGENTINA</subfield>
    </datafield>
    <datafield tag="942" ind1=" " ind2=" ">
      <subfield code="c">CD</subfield>
    </datafield>
    <datafield tag="952" ind1=" " ind2=" ">
      <subfield code="a">BIB_RECT</subfield>
      <subfield code="b">BIB_UARG</subfield>
      <subfield code="d">2007-10-31</subfield>
      <subfield code="y">CD</subfield>
      <subfield code="p">05-33735</subfield>
      <subfield code="i">05-33735</subfield>
      <subfield code="g">24</subfield>
      <subfield code="o">CD37(091) J828a 14</subfield>
      <subfield code="e">Prof. Pierini, Milagros</subfield>
      <subfield code="8">MM</subfield>
    </datafield>
  </record>