
  <record>
    <leader>01000aam  22002601a 4500</leader>
    <controlfield tag="001">YPZ87367</controlfield>
    <controlfield tag="003">YPZ</controlfield>
    <controlfield tag="005">200712121403490</controlfield>
    <controlfield tag="008">071212|###########||||||b||||||||||spa|d</controlfield>
    <datafield tag="040" ind1=" " ind2=" ">
      <subfield code="c">SIUNPA</subfield>
    </datafield>
    <datafield tag="041" ind1=" " ind2=" ">
      <subfield code="a">spa</subfield>
    </datafield>
    <datafield tag="044" ind1=" " ind2=" ">
      <subfield code="a">AR</subfield>
    </datafield>
    <datafield tag="080" ind1=" " ind2=" ">
      <subfield code="a">CD94(82) J828h2</subfield>
    </datafield>
    <datafield tag="110" ind1=" " ind2=" ">
      <subfield code="a">Jornadas de Historia de la Patagonia (2 : 2006 : General Roca, Río Negro).</subfield>
    </datafield>
    <datafield tag="245" ind1=" " ind2=" ">
      <subfield code="a">2das. jornadas de historia de la Patagonia</subfield>
      <subfield code="b"> : [Ponencias]</subfield>
    </datafield>
    <datafield tag="260" ind1=" " ind2=" ">
      <subfield code="a">General Roca</subfield>
      <subfield code="b"> : Facultad de Derecho y Ciencias Sociales, Universidad Nacional del Comahue</subfield>
      <subfield code="b"> : Facultad de Humanidades, Universidad Nacional del Comahue</subfield>
      <subfield code="c"> , 2006</subfield>
    </datafield>
    <datafield tag="650" ind1=" " ind2=" ">
      <subfield code="a"> HISTORIA ARGENTINA</subfield>
    </datafield>
    <datafield tag="650" ind1=" " ind2=" ">
      <subfield code="a"> REGION PATAGONICA</subfield>
    </datafield>
    <datafield tag="650" ind1=" " ind2=" ">
      <subfield code="a"> HISTORIA CULTURAL</subfield>
    </datafield>
    <datafield tag="942" ind1=" " ind2=" ">
      <subfield code="c">CD</subfield>
    </datafield>
    <datafield tag="952" ind1=" " ind2=" ">
      <subfield code="a">BIB_RECT</subfield>
      <subfield code="b">BIB_UARG</subfield>
      <subfield code="d">2007-10-31</subfield>
      <subfield code="y">CD</subfield>
      <subfield code="p">05-33737</subfield>
      <subfield code="i">05-33737</subfield>
      <subfield code="g">26</subfield>
      <subfield code="o">CD94(82) J828h2</subfield>
      <subfield code="e">Prof. Pierini, Milagros</subfield>
      <subfield code="8">MM</subfield>
    </datafield>
  </record>