
  <record>
    <leader>01000aam  22002601a 4500</leader>
    <controlfield tag="001">YPZ87376</controlfield>
    <controlfield tag="003">YPZ</controlfield>
    <controlfield tag="005">200712141056550</controlfield>
    <controlfield tag="008">071214|###########||||||b||||||||||spa|d</controlfield>
    <datafield tag="020" ind1=" " ind2=" ">
      <subfield code="a">987226550X (libro)</subfield>
    </datafield>
    <datafield tag="040" ind1=" " ind2=" ">
      <subfield code="c">SIUNPA</subfield>
    </datafield>
    <datafield tag="041" ind1=" " ind2=" ">
      <subfield code="a">spa</subfield>
    </datafield>
    <datafield tag="044" ind1=" " ind2=" ">
      <subfield code="a">AR</subfield>
    </datafield>
    <datafield tag="080" ind1=" " ind2=" ">
      <subfield code="a">CD784.4 H765h</subfield>
    </datafield>
    <datafield tag="245" ind1=" " ind2=" ">
      <subfield code="a">Homenaje al payador rioplatense</subfield>
      <subfield code="c"> / Moreno Chá, Ercilia, texto y ed. mús.</subfield>
    </datafield>
    <datafield tag="260" ind1=" " ind2=" ">
      <subfield code="a">Buenos Aires</subfield>
      <subfield code="b"> : Instituto Nacional de Antropología y Pensamiento Latinoamericano, INAPL</subfield>
      <subfield code="b"> : Secretaría de Cultura, Presidencia de la Nación</subfield>
      <subfield code="c"> , 2005</subfield>
    </datafield>
    <datafield tag="300" ind1=" " ind2=" ">
      <subfield code="b">1 CD-ROM ; </subfield>
      <subfield code="b">1 CD-ROM ; </subfield>
      <subfield code="a">1 CD-ROM : </subfield>
      <subfield code="a">1 CD-ROM : </subfield>
      <subfield code="a">1 CD-ROM : </subfield>
      <subfield code="a">1 CD-ROM : </subfield>
      <subfield code="a">1 CD-ROM : </subfield>
      <subfield code="a">1 CD-ROM : </subfield>
      <subfield code="a">1 CD-ROM : </subfield>
      <subfield code="a">1 CD-ROM : </subfield>
      <subfield code="a">1 CD-ROM : </subfield>
      <subfield code="a">1 CD-ROM : </subfield>
      <subfield code="a">1 CD-ROM : </subfield>
      <subfield code="a">1 CD-ROM : </subfield>
      <subfield code="a">1 CD-ROM : </subfield>
      <subfield code="a">1 CD/minidisc : </subfield>
      <subfield code="a">1 CD-ROM : </subfield>
      <subfield code="a">1 CD-ROM : </subfield>
      <subfield code="a">1 CD-ROM : </subfield>
      <subfield code="a">1 CD-ROM : </subfield>
      <subfield code="a">1 CD-ROM : </subfield>
      <subfield code="a">1 CD-ROM : </subfield>
      <subfield code="a">1 CD-ROM : </subfield>
      <subfield code="a">1 CD-ROM : </subfield>
      <subfield code="a">1 CD-ROM : </subfield>
      <subfield code="a">1 CD-ROM : </subfield>
      <subfield code="b">il. ; </subfield>
      <subfield code="a">1 CD-ROM : </subfield>
      <subfield code="a">1 CD-ROM : </subfield>
      <subfield code="a">1 CD-ROM : </subfield>
      <subfield code="a">1 CD-ROM : </subfield>
      <subfield code="a">1 CD-ROM : </subfield>
      <subfield code="a">1 CD-ROM : </subfield>
      <subfield code="a">1 CD-ROM : </subfield>
      <subfield code="a">1 CD-ROM : </subfield>
      <subfield code="a">1 CD-ROM : </subfield>
      <subfield code="a">1 CD-ROM : </subfield>
      <subfield code="a">1 CD-ROM : </subfield>
      <subfield code="b">il. ; </subfield>
      <subfield code="a">1 CD-ROM : </subfield>
      <subfield code="b">il. ; </subfield>
      <subfield code="a">1 CD-ROM : </subfield>
      <subfield code="a">1 CD-ROM : </subfield>
      <subfield code="a">1 CD-ROM : </subfield>
      <subfield code="b">il., col. ; </subfield>
      <subfield code="a">1 CD-ROM : </subfield>
      <subfield code="a">1 CD-ROM : </subfield>
      <subfield code="b">il. ; </subfield>
      <subfield code="a">1 CD-ROM : </subfield>
      <subfield code="b">il. ; </subfield>
      <subfield code="a">1 CD-ROM : </subfield>
      <subfield code="a">2 CD-ROM : </subfield>
      <subfield code="b">il ; </subfield>
      <subfield code="a">x, 543 p. : </subfield>
      <subfield code="a">1 CD-ROM : </subfield>
      <subfield code="a">1 CD-ROM : </subfield>
      <subfield code="a">1 CD-ROM : </subfield>
      <subfield code="a">1 CD-ROM : </subfield>
      <subfield code="a">1 CD-ROM : </subfield>
      <subfield code="a">1 CD ROM : </subfield>
      <subfield code="a">1 CD-ROM : </subfield>
      <subfield code="a">1 CD-ROM : </subfield>
      <subfield code="a">1 CD-ROM : </subfield>
      <subfield code="a">1 CD-ROM : </subfield>
      <subfield code="a">1 CD-ROM : </subfield>
      <subfield code="a">1 CD-ROM : </subfield>
      <subfield code="a">1 CD-ROM : </subfield>
      <subfield code="a">1 CD-ROM : </subfield>
      <subfield code="a">1 CD-ROM : </subfield>
      <subfield code="a">1 CD-ROM : </subfield>
      <subfield code="a">1 CD-ROM : </subfield>
      <subfield code="a">1 CD-ROM : </subfield>
      <subfield code="a">1 CD-ROM : </subfield>
      <subfield code="a">1 CD-ROM : </subfield>
      <subfield code="a">1 CD-ROM : </subfield>
      <subfield code="b">il. ; </subfield>
      <subfield code="a">1 CD-ROM : </subfield>
      <subfield code="a">1 CD-ROM : </subfield>
      <subfield code="a">1 CD-ROM : </subfield>
      <subfield code="a">1 CD-ROM : </subfield>
      <subfield code="a">1 CD-ROM : </subfield>
      <subfield code="a">1 CD-ROM : </subfield>
      <subfield code="a">1 CD-ROM : </subfield>
      <subfield code="a">1 CD-ROM : </subfield>
      <subfield code="a">1 CD-ROM : </subfield>
      <subfield code="a">1 disco compacto son. (ca. 68 min.) : </subfield>
      <subfield code="e">1 pleg. + 1 folleto (72 p.)</subfield>
    </datafield>
    <datafield tag="500" ind1=" " ind2=" ">
      <subfield code="a">El libro se refiere al payador en sus diversos contextos y el folleto incluye la poesía cantada</subfield>
    </datafield>
    <datafield tag="505" ind1=" " ind2=" ">
      <subfield code="a">Contiene: registros documentales de payadas de contrapunto improvisadas</subfield>
    </datafield>
    <datafield tag="650" ind1=" " ind2=" ">
      <subfield code="a"> FOLKLORE</subfield>
    </datafield>
    <datafield tag="650" ind1=" " ind2=" ">
      <subfield code="a"> PAYADORES</subfield>
    </datafield>
    <datafield tag="650" ind1=" " ind2=" ">
      <subfield code="a"> MUSICA POPULAR</subfield>
    </datafield>
    <datafield tag="650" ind1=" " ind2=" ">
      <subfield code="a"> COSTUMBRES Y TRADICIONES</subfield>
    </datafield>
    <datafield tag="650" ind1=" " ind2=" ">
      <subfield code="a"> ARGENTINA</subfield>
    </datafield>
    <datafield tag="942" ind1=" " ind2=" ">
      <subfield code="c">CD</subfield>
    </datafield>
    <datafield tag="952" ind1=" " ind2=" ">
      <subfield code="a">BIB_RECT</subfield>
      <subfield code="b">BIB_UARG</subfield>
      <subfield code="d">2007-10-31</subfield>
      <subfield code="y">CD</subfield>
      <subfield code="p">05-33751</subfield>
      <subfield code="i">05-33751</subfield>
      <subfield code="g">46</subfield>
      <subfield code="o">CD784.4 H765h</subfield>
      <subfield code="e">Secretaría de Cultura</subfield>
      <subfield code="8">MM</subfield>
    </datafield>
  </record>