
  <record>
    <leader>01000aam  22002601a 4500</leader>
    <controlfield tag="001">YPZ87378</controlfield>
    <controlfield tag="003">YPZ</controlfield>
    <controlfield tag="005">200712141513490</controlfield>
    <controlfield tag="008">071214|###########||||||b||||||||||spa|d</controlfield>
    <datafield tag="040" ind1=" " ind2=" ">
      <subfield code="c">SIUNPA</subfield>
    </datafield>
    <datafield tag="041" ind1=" " ind2=" ">
      <subfield code="a">spa</subfield>
    </datafield>
    <datafield tag="044" ind1=" " ind2=" ">
      <subfield code="a">MX</subfield>
      <subfield code="a">AR</subfield>
    </datafield>
    <datafield tag="080" ind1=" " ind2=" ">
      <subfield code="a">CD504.06 S471s</subfield>
    </datafield>
    <datafield tag="245" ind1=" " ind2=" ">
      <subfield code="a">Sembrando futuro</subfield>
      <subfield code="b"> : acción juvenil ambiental</subfield>
    </datafield>
    <datafield tag="260" ind1=" " ind2=" ">
      <subfield code="a">México, D.F.</subfield>
      <subfield code="a">Buenos Aires</subfield>
      <subfield code="b"> : Programa de Naciones Unidas para el Medio Ambiente, PNUMA. Oficina Regional para América Latina y el Caribe</subfield>
      <subfield code="b"> : Fundación Ecológica Universal, FEU</subfield>
      <subfield code="c"> , [2005]</subfield>
    </datafield>
    <datafield tag="505" ind1=" " ind2=" ">
      <subfield code="a">Incluye: en PDF las publicaciones: GEO Juvenil para América Latina y el Caribe, GEO Juvenil Argentina y Manual de capacitación de GEO Juvenil</subfield>
    </datafield>
    <datafield tag="650" ind1=" " ind2=" ">
      <subfield code="a"> MEDIO AMBIENTE</subfield>
    </datafield>
    <datafield tag="650" ind1=" " ind2=" ">
      <subfield code="a"> CONSERVACION AMBIENTAL</subfield>
    </datafield>
    <datafield tag="650" ind1=" " ind2=" ">
      <subfield code="a"> PROTECCION AMBIENTAL</subfield>
    </datafield>
    <datafield tag="650" ind1=" " ind2=" ">
      <subfield code="a"> AMERICA LATINA</subfield>
    </datafield>
    <datafield tag="650" ind1=" " ind2=" ">
      <subfield code="a"> ARGENTINA</subfield>
    </datafield>
    <datafield tag="942" ind1=" " ind2=" ">
      <subfield code="c">CD</subfield>
    </datafield>
    <datafield tag="952" ind1=" " ind2=" ">
      <subfield code="a">BIB_RECT</subfield>
      <subfield code="b">BIB_UARG</subfield>
      <subfield code="d">2007-10-31</subfield>
      <subfield code="y">CD</subfield>
      <subfield code="p">05-33729</subfield>
      <subfield code="i">05-33729</subfield>
      <subfield code="g">36</subfield>
      <subfield code="o">CD504.06 S471s</subfield>
      <subfield code="e">PNUMA/FEU</subfield>
      <subfield code="8">MM</subfield>
    </datafield>
    <datafield tag="952" ind1=" " ind2=" ">
      <subfield code="a">BIB_RECT</subfield>
      <subfield code="b">BIB_UARG</subfield>
      <subfield code="d">2007-10-31</subfield>
      <subfield code="y">CD</subfield>
      <subfield code="p">05-33730</subfield>
      <subfield code="i">05-33730</subfield>
      <subfield code="g">36</subfield>
      <subfield code="o">CD504.06 S471s</subfield>
      <subfield code="e">PNUMA/FEU</subfield>
      <subfield code="8">MM</subfield>
    </datafield>
    <datafield tag="952" ind1=" " ind2=" ">
      <subfield code="a">BIB_RECT</subfield>
      <subfield code="b">BIB_UARG</subfield>
      <subfield code="d">2007-10-31</subfield>
      <subfield code="y">CD</subfield>
      <subfield code="p">05-33731</subfield>
      <subfield code="i">05-33731</subfield>
      <subfield code="g">36</subfield>
      <subfield code="o">CD504.06 S471s</subfield>
      <subfield code="e">PNUMA/FEU</subfield>
      <subfield code="8">MM</subfield>
    </datafield>
  </record>