
  <record>
    <leader>01000aam  22002601a 4500</leader>
    <controlfield tag="001">YPZ87442</controlfield>
    <controlfield tag="003">YPZ</controlfield>
    <controlfield tag="005">200802151139360</controlfield>
    <controlfield tag="008">080215|###########||||||b||||||||||spa|d</controlfield>
    <datafield tag="040" ind1=" " ind2=" ">
      <subfield code="c">SIUNPA</subfield>
    </datafield>
    <datafield tag="041" ind1=" " ind2=" ">
      <subfield code="a">spa</subfield>
    </datafield>
    <datafield tag="044" ind1=" " ind2=" ">
      <subfield code="a">MX</subfield>
    </datafield>
    <datafield tag="080" ind1=" " ind2=" ">
      <subfield code="a">CD316 C749a 26</subfield>
    </datafield>
    <datafield tag="110" ind1=" " ind2=" ">
      <subfield code="a">Congreso Asociación Latinoamericana de Sociología (26 : 2007 : Guadalajara).</subfield>
    </datafield>
    <datafield tag="245" ind1=" " ind2=" ">
      <subfield code="a">Latinoamérica en y desde el mundo</subfield>
      <subfield code="b"> : Sociología y Ciencias Sociales ante el cambio de época. Legitimidades en debate</subfield>
      <subfield code="c"> / Espinosa Soto, Dora, comp. ; Asociación Latinoamericana de Sociología, org.</subfield>
    </datafield>
    <datafield tag="260" ind1=" " ind2=" ">
      <subfield code="a">Guadalaajra</subfield>
      <subfield code="b"> : Universidad de Guadalajara. Centro Universitario de Ciencias Sociales y Humanidades</subfield>
      <subfield code="c"> , 2007</subfield>
    </datafield>
    <datafield tag="500" ind1=" " ind2=" ">
      <subfield code="a">Antología de ponencias del XXVI Congreso Asociación Latinoamericana de Sociología</subfield>
    </datafield>
    <datafield tag="650" ind1=" " ind2=" ">
      <subfield code="a"> SOCIOLOGIA</subfield>
    </datafield>
    <datafield tag="650" ind1=" " ind2=" ">
      <subfield code="a"> AMERICA LATINA</subfield>
    </datafield>
    <datafield tag="942" ind1=" " ind2=" ">
      <subfield code="c">CD</subfield>
    </datafield>
    <datafield tag="952" ind1=" " ind2=" ">
      <subfield code="a">BIB_RECT</subfield>
      <subfield code="b">BIB_UASJ</subfield>
      <subfield code="d">2007-12-11</subfield>
      <subfield code="y">CD</subfield>
      <subfield code="p">04-33734</subfield>
      <subfield code="i">04-33734</subfield>
      <subfield code="g">32</subfield>
      <subfield code="o">CD316 C749a 26</subfield>
      <subfield code="e">Donación</subfield>
      <subfield code="8">MM</subfield>
    </datafield>
  </record>