
  <record>
    <leader>01000aam  22002601a 4500</leader>
    <controlfield tag="001">YPZ87587</controlfield>
    <controlfield tag="003">YPZ</controlfield>
    <controlfield tag="005">200802270756120</controlfield>
    <controlfield tag="008">080227|###########||||||b||||||||||spa|d</controlfield>
    <datafield tag="020" ind1=" " ind2=" ">
      <subfield code="a">9243546503</subfield>
    </datafield>
    <datafield tag="040" ind1=" " ind2=" ">
      <subfield code="c">SIUNPA</subfield>
    </datafield>
    <datafield tag="041" ind1=" " ind2=" ">
      <subfield code="a">spa</subfield>
    </datafield>
    <datafield tag="044" ind1=" " ind2=" ">
      <subfield code="a">CZ</subfield>
    </datafield>
    <datafield tag="080" ind1=" " ind2=" ">
      <subfield code="a">CD542.1 M294m3</subfield>
    </datafield>
    <datafield tag="110" ind1=" " ind2=" ">
      <subfield code="a">Organización Mundial de la Salud.</subfield>
    </datafield>
    <datafield tag="245" ind1=" " ind2=" ">
      <subfield code="a">Manual de bioseguridad en el laboratorio</subfield>
    </datafield>
    <datafield tag="250" ind1=" " ind2=" ">
      <subfield code="a">3a ed.</subfield>
    </datafield>
    <datafield tag="260" ind1=" " ind2=" ">
      <subfield code="a">Ginebra</subfield>
      <subfield code="b"> : Organización Mundial de la Salud</subfield>
      <subfield code="c"> , 2005</subfield>
    </datafield>
    <datafield tag="650" ind1=" " ind2=" ">
      <subfield code="a"> LABORATORIOS</subfield>
    </datafield>
    <datafield tag="650" ind1=" " ind2=" ">
      <subfield code="a"> SEGURIDAD DEL TRABAJO</subfield>
    </datafield>
    <datafield tag="650" ind1=" " ind2=" ">
      <subfield code="a"> PREVENCION DE ACCIDENTE</subfield>
    </datafield>
    <datafield tag="942" ind1=" " ind2=" ">
      <subfield code="c">CD</subfield>
    </datafield>
    <datafield tag="952" ind1=" " ind2=" ">
      <subfield code="a">BIB_RECT</subfield>
      <subfield code="b">BIB_UACO</subfield>
      <subfield code="d">2008-02-27</subfield>
      <subfield code="y">CD</subfield>
      <subfield code="p">02-34360</subfield>
      <subfield code="i">02-34360</subfield>
      <subfield code="g">35</subfield>
      <subfield code="o">CD542.1 M294m3</subfield>
      <subfield code="e">Donación SIUNPA / Contrato Programa</subfield>
      <subfield code="8">MM</subfield>
    </datafield>
    <datafield tag="952" ind1=" " ind2=" ">
      <subfield code="a">BIB_RECT</subfield>
      <subfield code="b">BIB_UACO</subfield>
      <subfield code="d">2008-02-27</subfield>
      <subfield code="y">CD</subfield>
      <subfield code="p">02-34361</subfield>
      <subfield code="i">02-34361</subfield>
      <subfield code="g">35</subfield>
      <subfield code="o">CD542.1 M294m3</subfield>
      <subfield code="e">Donación SIUNPA / Contrato Programa</subfield>
      <subfield code="8">MM</subfield>
    </datafield>
    <datafield tag="952" ind1=" " ind2=" ">
      <subfield code="a">BIB_RECT</subfield>
      <subfield code="b">BIB_UACO</subfield>
      <subfield code="d">2008-02-27</subfield>
      <subfield code="y">CD</subfield>
      <subfield code="p">02-34362</subfield>
      <subfield code="i">02-34362</subfield>
      <subfield code="g">35</subfield>
      <subfield code="o">CD542.1 M294m3</subfield>
      <subfield code="e">Donación SIUNPA / Contrato Programa</subfield>
      <subfield code="8">MM</subfield>
    </datafield>
    <datafield tag="952" ind1=" " ind2=" ">
      <subfield code="a">BIB_RECT</subfield>
      <subfield code="b">BIB_UART</subfield>
      <subfield code="d">2008-02-27</subfield>
      <subfield code="y">CD</subfield>
      <subfield code="p">03-34363</subfield>
      <subfield code="i">03-34363</subfield>
      <subfield code="g">35</subfield>
      <subfield code="o">CD542.1 M294m3</subfield>
      <subfield code="e">Donación SIUNPA / Contrato Programa</subfield>
      <subfield code="8">MM</subfield>
    </datafield>
    <datafield tag="952" ind1=" " ind2=" ">
      <subfield code="a">BIB_RECT</subfield>
      <subfield code="b">BIB_UART</subfield>
      <subfield code="d">2008-02-27</subfield>
      <subfield code="y">CD</subfield>
      <subfield code="p">03-34364</subfield>
      <subfield code="i">03-34364</subfield>
      <subfield code="g">35</subfield>
      <subfield code="o">CD542.1 M294m3</subfield>
      <subfield code="e">Donación SIUNPA / Contrato Programa</subfield>
      <subfield code="8">MM</subfield>
    </datafield>
  </record>