
  <record>
    <leader>01000aam  22002601a 4500</leader>
    <controlfield tag="001">YPZ87589</controlfield>
    <controlfield tag="003">YPZ</controlfield>
    <controlfield tag="005">200802270854160</controlfield>
    <controlfield tag="008">080227|###########||||||b||||||||||spa|d</controlfield>
    <datafield tag="020" ind1=" " ind2=" ">
      <subfield code="a">9871242212</subfield>
    </datafield>
    <datafield tag="040" ind1=" " ind2=" ">
      <subfield code="c">SIUNPA</subfield>
    </datafield>
    <datafield tag="041" ind1=" " ind2=" ">
      <subfield code="a">spa</subfield>
    </datafield>
    <datafield tag="044" ind1=" " ind2=" ">
      <subfield code="a">AR</subfield>
    </datafield>
    <datafield tag="080" ind1=" " ind2=" ">
      <subfield code="a">CD725 P314p</subfield>
    </datafield>
    <datafield tag="100" ind1=" " ind2=" ">
      <subfield code="a">Carballo, Marina Flavia.</subfield>
    </datafield>
    <datafield tag="700" ind1=" " ind2=" ">
      <subfield code="a">Espinosa, Silvana.</subfield>
    </datafield>
    <datafield tag="700" ind1=" " ind2=" ">
      <subfield code="a">Cufré, Marcelo.</subfield>
    </datafield>
    <datafield tag="700" ind1=" " ind2=" ">
      <subfield code="a">Vivar, Claudia Salomé.</subfield>
    </datafield>
    <datafield tag="700" ind1=" " ind2=" ">
      <subfield code="a">Cecuk, Leyla.</subfield>
    </datafield>
    <datafield tag="245" ind1=" " ind2=" ">
      <subfield code="a">Patrimonio, lo que tenemos y no miramos</subfield>
      <subfield code="b"> : guía temática sobre patrimonio cultural</subfield>
    </datafield>
    <datafield tag="260" ind1=" " ind2=" ">
      <subfield code="a">Río Gallegos</subfield>
      <subfield code="b"> : Unidad Académica Río Gallegos, UNPA</subfield>
      <subfield code="c"> , 2006</subfield>
    </datafield>
    <datafield tag="650" ind1=" " ind2=" ">
      <subfield code="a"> PATRIMONIO CULTURAL</subfield>
    </datafield>
    <datafield tag="942" ind1=" " ind2=" ">
      <subfield code="c">CD</subfield>
    </datafield>
    <datafield tag="952" ind1=" " ind2=" ">
      <subfield code="a">BIB_RECT</subfield>
      <subfield code="b">BIB_UACO</subfield>
      <subfield code="d">2008-02-27</subfield>
      <subfield code="y">CD</subfield>
      <subfield code="p">02-34350</subfield>
      <subfield code="i">02-34350</subfield>
      <subfield code="g">20</subfield>
      <subfield code="o">CD725 P314p</subfield>
      <subfield code="e">Donación SEU UNPA</subfield>
      <subfield code="8">MM</subfield>
    </datafield>
    <datafield tag="952" ind1=" " ind2=" ">
      <subfield code="a">BIB_RECT</subfield>
      <subfield code="b">BIB_UART</subfield>
      <subfield code="d">2008-02-27</subfield>
      <subfield code="y">CD</subfield>
      <subfield code="p">03-34352</subfield>
      <subfield code="i">03-34352</subfield>
      <subfield code="g">20</subfield>
      <subfield code="o">CD725 P314p</subfield>
      <subfield code="e">Donación SEU UNPA</subfield>
      <subfield code="8">MM</subfield>
    </datafield>
    <datafield tag="952" ind1=" " ind2=" ">
      <subfield code="a">BIB_RECT</subfield>
      <subfield code="b">BIB_UASJ</subfield>
      <subfield code="d">2008-02-27</subfield>
      <subfield code="y">CD</subfield>
      <subfield code="p">04-34353</subfield>
      <subfield code="i">04-34353</subfield>
      <subfield code="g">20</subfield>
      <subfield code="o">CD725 P314p</subfield>
      <subfield code="e">Donación SEU UNPA</subfield>
      <subfield code="8">MM</subfield>
    </datafield>
    <datafield tag="952" ind1=" " ind2=" ">
      <subfield code="a">BIB_RECT</subfield>
      <subfield code="b">BIB_UARG</subfield>
      <subfield code="d">2008-02-27</subfield>
      <subfield code="y">CD</subfield>
      <subfield code="p">05-34351</subfield>
      <subfield code="i">05-34351</subfield>
      <subfield code="g">20</subfield>
      <subfield code="o">CD725 P314p</subfield>
      <subfield code="e">Donación SEU UNPA</subfield>
      <subfield code="8">MM</subfield>
    </datafield>
    <datafield tag="952" ind1=" " ind2=" ">
      <subfield code="a">BIB_RECT</subfield>
      <subfield code="b">SAT_TRUN</subfield>
      <subfield code="d">2008-02-27</subfield>
      <subfield code="y">CD</subfield>
      <subfield code="p">10-34354</subfield>
      <subfield code="i">10-34354</subfield>
      <subfield code="g">20</subfield>
      <subfield code="o">CD725 P314p</subfield>
      <subfield code="e">Donación SEU UNPA</subfield>
      <subfield code="8">MM</subfield>
    </datafield>
    <datafield tag="952" ind1=" " ind2=" ">
      <subfield code="a">BIB_RECT</subfield>
      <subfield code="b">SAT_PBNA</subfield>
      <subfield code="d">2008-02-27</subfield>
      <subfield code="y">CD</subfield>
      <subfield code="p">11-34355</subfield>
      <subfield code="i">11-34355</subfield>
      <subfield code="g">20</subfield>
      <subfield code="o">CD725 P314p</subfield>
      <subfield code="e">Donación SEU UNPA</subfield>
      <subfield code="8">MM</subfield>
    </datafield>
    <datafield tag="952" ind1=" " ind2=" ">
      <subfield code="a">BIB_RECT</subfield>
      <subfield code="b">SAT_CLFT</subfield>
      <subfield code="d">2008-02-27</subfield>
      <subfield code="y">CD</subfield>
      <subfield code="p">12-34356</subfield>
      <subfield code="i">12-34356</subfield>
      <subfield code="g">20</subfield>
      <subfield code="o">CD725 P314p</subfield>
      <subfield code="e">Donación SEU UNPA</subfield>
      <subfield code="8">MM</subfield>
    </datafield>
    <datafield tag="952" ind1=" " ind2=" ">
      <subfield code="a">BIB_RECT</subfield>
      <subfield code="b">SAT_PMDN </subfield>
      <subfield code="d">2008-02-27</subfield>
      <subfield code="y">CD</subfield>
      <subfield code="p">15-34357</subfield>
      <subfield code="i">15-34357</subfield>
      <subfield code="g">20</subfield>
      <subfield code="o">CD725 P314p</subfield>
      <subfield code="e">Donación SEU UNPA</subfield>
      <subfield code="8">MM</subfield>
    </datafield>
    <datafield tag="952" ind1=" " ind2=" ">
      <subfield code="a">BIB_RECT</subfield>
      <subfield code="b">SAT_RGRA</subfield>
      <subfield code="d">2008-02-27</subfield>
      <subfield code="y">CD</subfield>
      <subfield code="p">17-34358</subfield>
      <subfield code="i">17-34358</subfield>
      <subfield code="g">20</subfield>
      <subfield code="o">CD725 P314p</subfield>
      <subfield code="e">Donación SEU UNPA</subfield>
      <subfield code="8">MM</subfield>
    </datafield>
    <datafield tag="952" ind1=" " ind2=" ">
      <subfield code="a">BIB_RECT</subfield>
      <subfield code="b">SAT_GREG</subfield>
      <subfield code="d">2008-02-27</subfield>
      <subfield code="y">CD</subfield>
      <subfield code="p">18-34359</subfield>
      <subfield code="i">18-34359</subfield>
      <subfield code="g">20</subfield>
      <subfield code="o">CD725 P314p</subfield>
      <subfield code="e">Donación SEU UNPA</subfield>
      <subfield code="8">MM</subfield>
    </datafield>
    <datafield tag="952" ind1=" " ind2=" ">
      <subfield code="a">BIB_RECT</subfield>
      <subfield code="b">SAT_USHU</subfield>
      <subfield code="d">2008-02-27</subfield>
      <subfield code="y">CD</subfield>
      <subfield code="p">19-34349</subfield>
      <subfield code="i">19-34349</subfield>
      <subfield code="g">20</subfield>
      <subfield code="o">CD725 P314p</subfield>
      <subfield code="e">Donación SEU UNPA</subfield>
      <subfield code="8">MM</subfield>
    </datafield>
  </record>