
  <record>
    <leader>01000aam  22002601a 4500</leader>
    <controlfield tag="001">YPZ87614</controlfield>
    <controlfield tag="003">YPZ</controlfield>
    <controlfield tag="005">200802281243480</controlfield>
    <controlfield tag="008">080228|###########||||||b||||||||||spa|d</controlfield>
    <datafield tag="020" ind1=" " ind2=" ">
      <subfield code="a">8571430454</subfield>
    </datafield>
    <datafield tag="040" ind1=" " ind2=" ">
      <subfield code="c">SIUNPA</subfield>
    </datafield>
    <datafield tag="041" ind1=" " ind2=" ">
      <subfield code="a">por</subfield>
    </datafield>
    <datafield tag="044" ind1=" " ind2=" ">
      <subfield code="a">BR</subfield>
    </datafield>
    <datafield tag="080" ind1=" " ind2=" ">
      <subfield code="a">CD308 Q68q</subfield>
    </datafield>
    <datafield tag="245" ind1=" " ind2=" ">
      <subfield code="a">Quilombolas do Pará</subfield>
      <subfield code="c"> / Castr, Edna, coord. gral. y dir. ; Marin, Rosa Acevedo, coord.</subfield>
    </datafield>
    <datafield tag="260" ind1=" " ind2=" ">
      <subfield code="a">Belém</subfield>
      <subfield code="b"> : NAEA</subfield>
      <subfield code="b"> : Universidade Federale do Pará</subfield>
      <subfield code="c"> , [2005?]</subfield>
    </datafield>
    <datafield tag="440" ind1=" " ind2=" ">
      <subfield code="a">Publicaciones especiales / INIDEP</subfield>
      <subfield code="a">CdRom NAEA</subfield>
      <subfield code="v">001</subfield>
    </datafield>
    <datafield tag="490" ind1=" " ind2=" ">
      <subfield code="a">Publicaciones especiales / INIDEP</subfield>
      <subfield code="a">CdRom NAEA</subfield>
      <subfield code="v">001</subfield>
    </datafield>
    <datafield tag="650" ind1=" " ind2=" ">
      <subfield code="a"> ESTUDIOS SOCIOGRAFICOS</subfield>
    </datafield>
    <datafield tag="650" ind1=" " ind2=" ">
      <subfield code="a"> DEMOGRAFIA</subfield>
    </datafield>
    <datafield tag="650" ind1=" " ind2=" ">
      <subfield code="a"> CONDICIONES DE VIDA </subfield>
    </datafield>
    <datafield tag="650" ind1=" " ind2=" ">
      <subfield code="a"> NEGRO</subfield>
    </datafield>
    <datafield tag="650" ind1=" " ind2=" ">
      <subfield code="a"> GRUPOS ETNICOS</subfield>
    </datafield>
    <datafield tag="650" ind1=" " ind2=" ">
      <subfield code="a"> PARA (BRASIL)</subfield>
    </datafield>
    <datafield tag="942" ind1=" " ind2=" ">
      <subfield code="c">CD</subfield>
    </datafield>
    <datafield tag="952" ind1=" " ind2=" ">
      <subfield code="a">BIB_RECT</subfield>
      <subfield code="b">BIB_UARG</subfield>
      <subfield code="d">2008-02-28</subfield>
      <subfield code="y">CD</subfield>
      <subfield code="p">05-34280</subfield>
      <subfield code="i">05-34280</subfield>
      <subfield code="g">30</subfield>
      <subfield code="o">CD308 Q68q</subfield>
      <subfield code="e">Canje y donación SIUNPA</subfield>
      <subfield code="8">MM</subfield>
    </datafield>
    <datafield tag="952" ind1=" " ind2=" ">
      <subfield code="a">BIB_RECT</subfield>
      <subfield code="b">BIB_UARG</subfield>
      <subfield code="d">2008-02-28</subfield>
      <subfield code="y">CD</subfield>
      <subfield code="p">05-34281</subfield>
      <subfield code="i">05-34281</subfield>
      <subfield code="g">30</subfield>
      <subfield code="o">CD308 Q68q</subfield>
      <subfield code="e">Canje y donación SIUNPA</subfield>
      <subfield code="8">MM</subfield>
    </datafield>
  </record>