
  <record>
    <leader>01000aam  22002601a 4500</leader>
    <controlfield tag="001">YPZ88412</controlfield>
    <controlfield tag="003">YPZ</controlfield>
    <controlfield tag="005">200804301214310</controlfield>
    <controlfield tag="008">080430|###########||||||b||||||||||spa|d</controlfield>
    <datafield tag="020" ind1=" " ind2=" ">
      <subfield code="a">9507630597</subfield>
    </datafield>
    <datafield tag="040" ind1=" " ind2=" ">
      <subfield code="c">SIUNPA</subfield>
    </datafield>
    <datafield tag="041" ind1=" " ind2=" ">
      <subfield code="a">spa</subfield>
    </datafield>
    <datafield tag="044" ind1=" " ind2=" ">
      <subfield code="a">AR</subfield>
    </datafield>
    <datafield tag="080" ind1=" " ind2=" ">
      <subfield code="a">CD502.4 U588g</subfield>
    </datafield>
    <datafield tag="110" ind1=" " ind2=" ">
      <subfield code="a">Universidad Nacional de la Patagonia San Juan Bosco. Instituto de Estudio de Temas Ambientales en Ciencias Económicas, GETACE.</subfield>
    </datafield>
    <datafield tag="245" ind1=" " ind2=" ">
      <subfield code="a">Manual guía para la implementación de un modelo de gerenciamiento ambiental aplicable a la Reserva Natural de Punta Tombo, pcia. del Chubut, República Argentina</subfield>
    </datafield>
    <datafield tag="260" ind1=" " ind2=" ">
      <subfield code="a">Trelew</subfield>
      <subfield code="b"> : GETACE</subfield>
      <subfield code="c"> , 2003</subfield>
    </datafield>
    <datafield tag="500" ind1=" " ind2=" ">
      <subfield code="a">Trabajo elaborado como producto final del Proyecto de Investigación: Gestión Ambiental de Áreas Protegidas. Desarrollo de un Modelo de gerenciamiento ambiental para la Reserva Natural de Punta Tombo, provincia del Chubut, República Argentina - Instituto de Investigación de Temas Ambientales en Ciencias Económicas - GETACE. - F.C.E. - Universidad Nacional de la Patagonia S.J.B.</subfield>
    </datafield>
    <datafield tag="650" ind1=" " ind2=" ">
      <subfield code="a"> RESERVAS NATURALES</subfield>
    </datafield>
    <datafield tag="650" ind1=" " ind2=" ">
      <subfield code="a"> PINGUINO</subfield>
    </datafield>
    <datafield tag="650" ind1=" " ind2=" ">
      <subfield code="a"> PUNTA TOMBO (CHUBUT)</subfield>
    </datafield>
    <datafield tag="942" ind1=" " ind2=" ">
      <subfield code="c">CD</subfield>
    </datafield>
    <datafield tag="952" ind1=" " ind2=" ">
      <subfield code="a">BIB_RECT</subfield>
      <subfield code="b">BIB_UACO</subfield>
      <subfield code="d">2008-04-28</subfield>
      <subfield code="y">CD</subfield>
      <subfield code="p">02-35360</subfield>
      <subfield code="i">02-35360</subfield>
      <subfield code="g">28</subfield>
      <subfield code="o">CD502.4 U588g</subfield>
      <subfield code="e">UACO</subfield>
      <subfield code="8">CG</subfield>
    </datafield>
  </record>