
  <record>
    <leader>01000aam  22002601a 4500</leader>
    <controlfield tag="001">YPZ91586</controlfield>
    <controlfield tag="003">YPZ</controlfield>
    <controlfield tag="005">200908131616240</controlfield>
    <controlfield tag="008">090813|###########||||||b||||||||||spa|d</controlfield>
    <datafield tag="022" ind1=" " ind2=" ">
      <subfield code="a">16671988</subfield>
    </datafield>
    <datafield tag="040" ind1=" " ind2=" ">
      <subfield code="c">SIUNPA</subfield>
    </datafield>
    <datafield tag="041" ind1=" " ind2=" ">
      <subfield code="a">spa</subfield>
    </datafield>
    <datafield tag="044" ind1=" " ind2=" ">
      <subfield code="a">AR</subfield>
    </datafield>
    <datafield tag="080" ind1=" " ind2=" ">
      <subfield code="a">CD912 A691h</subfield>
    </datafield>
    <datafield tag="110" ind1=" " ind2=" ">
      <subfield code="a">Argentina. Secretaría de Minería. Programa Nacional de Cartas Geológicas.</subfield>
    </datafield>
    <datafield tag="245" ind1=" " ind2=" ">
      <subfield code="a">Hoja geológica 4772 - III y IV</subfield>
      <subfield code="b"> : Bahía Laura-Lago Posadas</subfield>
      <subfield code="c"> / Panza, José Luis, supervisión ; Genini, Adolfo, recursos minerales</subfield>
    </datafield>
    <datafield tag="260" ind1=" " ind2=" ">
      <subfield code="a">Buenos Aires</subfield>
      <subfield code="b"> : Servicio Geológico Minero Argentino, SEGEMAR</subfield>
      <subfield code="b"> : Instituto de Geología y Recursos Minerales</subfield>
      <subfield code="c"> , 2001</subfield>
    </datafield>
    <datafield tag="440" ind1=" " ind2=" ">
      <subfield code="a">Boletín / Servicio Geológico Minero Argentino</subfield>
      <subfield code="v">no. 256</subfield>
    </datafield>
    <datafield tag="490" ind1=" " ind2=" ">
      <subfield code="a">Boletín / Servicio Geológico Minero Argentino</subfield>
      <subfield code="v">no. 256</subfield>
    </datafield>
    <datafield tag="500" ind1=" " ind2=" ">
      <subfield code="a">Escala 1:250.000</subfield>
    </datafield>
    <datafield tag="650" ind1=" " ind2=" ">
      <subfield code="a"> MAPAS GEOLOGICOS</subfield>
    </datafield>
    <datafield tag="650" ind1=" " ind2=" ">
      <subfield code="a"> DEPARTAMENTO MAGALLANES (SANTA CRUZ)</subfield>
    </datafield>
    <datafield tag="650" ind1=" " ind2=" ">
      <subfield code="a"> DEPARTAMENTO DESEADO (SANTA CRUZ)</subfield>
    </datafield>
    <datafield tag="650" ind1=" " ind2=" ">
      <subfield code="a"> SANTA CRUZ (ARGENTINA)</subfield>
    </datafield>
    <datafield tag="942" ind1=" " ind2=" ">
      <subfield code="c">CD</subfield>
    </datafield>
    <datafield tag="952" ind1=" " ind2=" ">
      <subfield code="a">BIB_RECT</subfield>
      <subfield code="b">BIB_UASJ</subfield>
      <subfield code="d">2009-08-13</subfield>
      <subfield code="y">CD</subfield>
      <subfield code="p">04-38079</subfield>
      <subfield code="i">04-38079</subfield>
      <subfield code="g">34</subfield>
      <subfield code="o">CD912 A691h</subfield>
      <subfield code="e">Donación Pereyra Ginestar, Blanca</subfield>
      <subfield code="8">MM</subfield>
    </datafield>
  </record>