
  <record>
    <leader>01000aam  22002601a 4500</leader>
    <controlfield tag="001">YPZ92029</controlfield>
    <controlfield tag="003">YPZ</controlfield>
    <controlfield tag="005">200910141740400</controlfield>
    <controlfield tag="008">091014|###########||||||b||||||||||spa|d</controlfield>
    <datafield tag="040" ind1=" " ind2=" ">
      <subfield code="c">SIUNPA</subfield>
    </datafield>
    <datafield tag="041" ind1=" " ind2=" ">
      <subfield code="a">fre</subfield>
      <subfield code="a">spa</subfield>
      <subfield code="a">por</subfield>
    </datafield>
    <datafield tag="044" ind1=" " ind2=" ">
      <subfield code="a">FR</subfield>
    </datafield>
    <datafield tag="080" ind1=" " ind2=" ">
      <subfield code="a">CD338.1 C714i</subfield>
    </datafield>
    <datafield tag="110" ind1=" " ind2=" ">
      <subfield code="a">Colloque International Frontières, Territoires et Pouvoirs en Amérique Latine (2005 : París).</subfield>
    </datafield>
    <datafield tag="245" ind1=" " ind2=" ">
      <subfield code="a">Frontiéres, territoires et pouvoirs en Amérique Latine</subfield>
    </datafield>
    <datafield tag="260" ind1=" " ind2=" ">
      <subfield code="a">Paris</subfield>
      <subfield code="b"> : Centre de Recherche et de Documentation Sur L’Amérique Latine, CREDAL</subfield>
      <subfield code="b"> : Institut des Hautes Etudes de L'Amerique Latine, IHEAL</subfield>
      <subfield code="c"> , 2005</subfield>
    </datafield>
    <datafield tag="650" ind1=" " ind2=" ">
      <subfield code="a"> DESARROLLO ECONOMICO Y SOCIAL</subfield>
    </datafield>
    <datafield tag="650" ind1=" " ind2=" ">
      <subfield code="a"> SITUACION ECONOMICA</subfield>
    </datafield>
    <datafield tag="650" ind1=" " ind2=" ">
      <subfield code="a"> GLOBALIZACION </subfield>
    </datafield>
    <datafield tag="650" ind1=" " ind2=" ">
      <subfield code="a"> POLITICA INTERNACIONAL</subfield>
    </datafield>
    <datafield tag="650" ind1=" " ind2=" ">
      <subfield code="a"> FRONTERA</subfield>
    </datafield>
    <datafield tag="650" ind1=" " ind2=" ">
      <subfield code="a"> AMERICA LATINA</subfield>
    </datafield>
    <datafield tag="942" ind1=" " ind2=" ">
      <subfield code="c">CD</subfield>
    </datafield>
    <datafield tag="952" ind1=" " ind2=" ">
      <subfield code="a">BIB_RECT</subfield>
      <subfield code="b">BIB_UARG</subfield>
      <subfield code="d">2009-10-14</subfield>
      <subfield code="y">CD</subfield>
      <subfield code="p">05-38403</subfield>
      <subfield code="i">05-38403</subfield>
      <subfield code="g">44</subfield>
      <subfield code="o">CD338.1 C714i</subfield>
      <subfield code="e">Schiweitzer, Alejandro</subfield>
      <subfield code="8">MM</subfield>
    </datafield>
    <datafield tag="952" ind1=" " ind2=" ">
      <subfield code="a">BIB_RECT</subfield>
      <subfield code="b">BIB_UARG</subfield>
      <subfield code="d">2009-12-04</subfield>
      <subfield code="y">CD</subfield>
      <subfield code="p">05-38567</subfield>
      <subfield code="i">05-38567</subfield>
      <subfield code="g">44</subfield>
      <subfield code="o">CD338.1 C714i</subfield>
      <subfield code="e">Schiweitzer, Alejandro</subfield>
      <subfield code="8">MM</subfield>
    </datafield>
    <datafield tag="952" ind1=" " ind2=" ">
      <subfield code="a">BIB_RECT</subfield>
      <subfield code="b">BIB_UARG</subfield>
      <subfield code="d">2009-12-04</subfield>
      <subfield code="y">CD</subfield>
      <subfield code="p">05-38568</subfield>
      <subfield code="i">05-38568</subfield>
      <subfield code="g">44</subfield>
      <subfield code="o">CD338.1 C714i</subfield>
      <subfield code="e">Schiweitzer, Alejandro</subfield>
      <subfield code="8">MM</subfield>
    </datafield>
  </record>