
  <record>
    <leader>01000aam  22002601a 4500</leader>
    <controlfield tag="001">YPZ92032</controlfield>
    <controlfield tag="003">YPZ</controlfield>
    <controlfield tag="005">200910141918520</controlfield>
    <controlfield tag="008">091014|###########||||||b||||||||||spa|d</controlfield>
    <datafield tag="020" ind1=" " ind2=" ">
      <subfield code="a">8389251442</subfield>
    </datafield>
    <datafield tag="040" ind1=" " ind2=" ">
      <subfield code="c">SIUNPA</subfield>
    </datafield>
    <datafield tag="041" ind1=" " ind2=" ">
      <subfield code="a">spa</subfield>
    </datafield>
    <datafield tag="044" ind1=" " ind2=" ">
      <subfield code="a">PL</subfield>
    </datafield>
    <datafield tag="080" ind1=" " ind2=" ">
      <subfield code="a">CD911.3 C749i 52</subfield>
    </datafield>
    <datafield tag="110" ind1=" " ind2=" ">
      <subfield code="a">Congreso Internacional de Americanistas (52 : 2006 : Sevilla).</subfield>
    </datafield>
    <datafield tag="245" ind1=" " ind2=" ">
      <subfield code="a">Sociedades locales y desarrollo territorial en América Latina frente a los desafíos del siglo XXI</subfield>
      <subfield code="c"> / Dembicz, Katarzyna, ed.</subfield>
    </datafield>
    <datafield tag="246" ind1=" " ind2=" ">
      <subfield code="a">Sołecznósci lokalne i rozwój terytorialny w ameryce łacińskiej wobec wyzwán XXI wieku.</subfield>
    </datafield>
    <datafield tag="260" ind1=" " ind2=" ">
      <subfield code="a">Varsovia</subfield>
      <subfield code="b"> : Centro de Estudios Latinoamericanos, Universidad de Varsovia</subfield>
      <subfield code="c"> , 2008</subfield>
    </datafield>
    <datafield tag="440" ind1=" " ind2=" ">
      <subfield code="a">Formación / Fundación MAPFRE</subfield>
      <subfield code="a">Estudio y memorias / Centro de Estudios Latinoamericanos</subfield>
      <subfield code="v">39</subfield>
    </datafield>
    <datafield tag="490" ind1=" " ind2=" ">
      <subfield code="a">Formación / Fundación MAPFRE</subfield>
      <subfield code="a">Estudio y memorias / Centro de Estudios Latinoamericanos</subfield>
      <subfield code="v">39</subfield>
    </datafield>
    <datafield tag="505" ind1=" " ind2=" ">
      <subfield code="a">Contenido: Trabajos presentados en el Congreso en pdf</subfield>
    </datafield>
    <datafield tag="650" ind1=" " ind2=" ">
      <subfield code="a"> ORDENAMIENTO TERRITORIAL</subfield>
    </datafield>
    <datafield tag="650" ind1=" " ind2=" ">
      <subfield code="a"> DESARROLLO LOCAL</subfield>
    </datafield>
    <datafield tag="650" ind1=" " ind2=" ">
      <subfield code="a"> AMERICA LATINA</subfield>
    </datafield>
    <datafield tag="942" ind1=" " ind2=" ">
      <subfield code="c">CD</subfield>
    </datafield>
    <datafield tag="952" ind1=" " ind2=" ">
      <subfield code="a">BIB_RECT</subfield>
      <subfield code="b">BIB_UARG</subfield>
      <subfield code="d">2009-12-18</subfield>
      <subfield code="y">CD</subfield>
      <subfield code="p">05-38569</subfield>
      <subfield code="i">05-38569</subfield>
      <subfield code="g">25</subfield>
      <subfield code="o">CD911.3 C749i 52</subfield>
      <subfield code="e">Pierini, María de los Milagros</subfield>
      <subfield code="8">MM</subfield>
    </datafield>
  </record>