
  <record>
    <leader>01000aam  22002601a 4500</leader>
    <controlfield tag="001">YPZ92259</controlfield>
    <controlfield tag="003">YPZ</controlfield>
    <controlfield tag="005">200912041509050</controlfield>
    <controlfield tag="008">091204|###########||||||b||||||||||spa|d</controlfield>
    <datafield tag="020" ind1=" " ind2=" ">
      <subfield code="a">9789876041072</subfield>
    </datafield>
    <datafield tag="040" ind1=" " ind2=" ">
      <subfield code="c">SIUNPA</subfield>
    </datafield>
    <datafield tag="041" ind1=" " ind2=" ">
      <subfield code="a">spa</subfield>
    </datafield>
    <datafield tag="044" ind1=" " ind2=" ">
      <subfield code="a">AR</subfield>
    </datafield>
    <datafield tag="080" ind1=" " ind2=" ">
      <subfield code="a">CD94(82) J828h 3</subfield>
    </datafield>
    <datafield tag="110" ind1=" " ind2=" ">
      <subfield code="a">Jornadas de Historia de la Patagonia (3 : 2008 : San Carlos de Bariloche, Río Negro).</subfield>
    </datafield>
    <datafield tag="245" ind1=" " ind2=" ">
      <subfield code="a">3ras. jornadas de historia de la Patagonia</subfield>
      <subfield code="b"> : [Ponencias]</subfield>
    </datafield>
    <datafield tag="260" ind1=" " ind2=" ">
      <subfield code="a">San Carlos de Bariloche</subfield>
      <subfield code="b"> : Facultad de Derecho y Ciencias Sociales, Universidad Nacional del Comahue</subfield>
      <subfield code="b"> : Facultad de Humanidades, Universidad Nacional del Comahue</subfield>
      <subfield code="c"> , 2008</subfield>
    </datafield>
    <datafield tag="650" ind1=" " ind2=" ">
      <subfield code="a"> HISTORIA ARGENTINA</subfield>
    </datafield>
    <datafield tag="650" ind1=" " ind2=" ">
      <subfield code="a"> REGION PATAGONICA</subfield>
    </datafield>
    <datafield tag="650" ind1=" " ind2=" ">
      <subfield code="a"> HISTORIA CULTURAL</subfield>
    </datafield>
    <datafield tag="942" ind1=" " ind2=" ">
      <subfield code="c">CD</subfield>
    </datafield>
    <datafield tag="952" ind1=" " ind2=" ">
      <subfield code="a">BIB_RECT</subfield>
      <subfield code="b">BIB_UARG</subfield>
      <subfield code="d">2009-12-04</subfield>
      <subfield code="y">CD</subfield>
      <subfield code="p">05-38564</subfield>
      <subfield code="i">05-38564</subfield>
      <subfield code="g">25</subfield>
      <subfield code="o">CD94(82) J828h 3</subfield>
      <subfield code="e">Donación Pierini, Milagros</subfield>
      <subfield code="8">MM</subfield>
    </datafield>
  </record>