
  <record>
    <leader>01000aam  22002601a 4500</leader>
    <controlfield tag="001">YPZ93411</controlfield>
    <controlfield tag="003">YPZ</controlfield>
    <controlfield tag="005">201009161631470</controlfield>
    <controlfield tag="008">100916|###########||||||b||||||||||spa|d</controlfield>
    <datafield tag="040" ind1=" " ind2=" ">
      <subfield code="c">SIUNPA</subfield>
    </datafield>
    <datafield tag="041" ind1=" " ind2=" ">
      <subfield code="a">spa</subfield>
    </datafield>
    <datafield tag="044" ind1=" " ind2=" ">
      <subfield code="a">AR</subfield>
    </datafield>
    <datafield tag="080" ind1=" " ind2=" ">
      <subfield code="a">CD94(828.8) J828h 6</subfield>
    </datafield>
    <datafield tag="110" ind1=" " ind2=" ">
      <subfield code="a">Jornadas de Historia Regional (6 : 2005 : Puerto San Julián).</subfield>
    </datafield>
    <datafield tag="245" ind1=" " ind2=" ">
      <subfield code="a">VI jornadas de historia regional</subfield>
    </datafield>
    <datafield tag="260" ind1=" " ind2=" ">
      <subfield code="a">Puerto San Julián</subfield>
      <subfield code="b"> : Unidad Académica San Julián, UNPA</subfield>
      <subfield code="c"> , 2005</subfield>
    </datafield>
    <datafield tag="650" ind1=" " ind2=" ">
      <subfield code="a"> HISTORIA ARGENTINA</subfield>
    </datafield>
    <datafield tag="650" ind1=" " ind2=" ">
      <subfield code="a"> HISTORIA CULTURAL</subfield>
    </datafield>
    <datafield tag="650" ind1=" " ind2=" ">
      <subfield code="a"> HISTORIA ECONOMICA</subfield>
    </datafield>
    <datafield tag="650" ind1=" " ind2=" ">
      <subfield code="a"> HISTORIA DE LA EDUCACION</subfield>
    </datafield>
    <datafield tag="650" ind1=" " ind2=" ">
      <subfield code="a"> REGION PATAGONICA</subfield>
    </datafield>
    <datafield tag="942" ind1=" " ind2=" ">
      <subfield code="c">CD</subfield>
    </datafield>
    <datafield tag="952" ind1=" " ind2=" ">
      <subfield code="a">BIB_RECT</subfield>
      <subfield code="b">BIB_UASJ</subfield>
      <subfield code="d">2010-09-16</subfield>
      <subfield code="y">CD</subfield>
      <subfield code="p">04-39882</subfield>
      <subfield code="i">04-39882</subfield>
      <subfield code="g">7</subfield>
      <subfield code="o">CD94(828.8) J828h 6</subfield>
      <subfield code="e">Extensión UASJ</subfield>
      <subfield code="8">MM</subfield>
    </datafield>
    <datafield tag="952" ind1=" " ind2=" ">
      <subfield code="a">BIB_RECT</subfield>
      <subfield code="b">BIB_UASJ</subfield>
      <subfield code="d">2010-09-16</subfield>
      <subfield code="y">CD</subfield>
      <subfield code="p">04-39883</subfield>
      <subfield code="i">04-39883</subfield>
      <subfield code="g">7</subfield>
      <subfield code="o">CD94(828.8) J828h 6</subfield>
      <subfield code="e">Extensión UASJ</subfield>
      <subfield code="8">MM</subfield>
    </datafield>
    <datafield tag="952" ind1=" " ind2=" ">
      <subfield code="a">BIB_RECT</subfield>
      <subfield code="b">SAT_PBNA</subfield>
      <subfield code="d">2011-04-26</subfield>
      <subfield code="y">CD</subfield>
      <subfield code="p">11-40766</subfield>
      <subfield code="i">11-40766</subfield>
      <subfield code="g">25</subfield>
      <subfield code="o">CD94(828.8) J828h 6</subfield>
      <subfield code="e">Extensión UASJ</subfield>
      <subfield code="8">MM</subfield>
    </datafield>
    <datafield tag="952" ind1=" " ind2=" ">
      <subfield code="a">BIB_RECT</subfield>
      <subfield code="b">SAT_GREG</subfield>
      <subfield code="d">2011-04-26</subfield>
      <subfield code="y">CD</subfield>
      <subfield code="p">18-40767</subfield>
      <subfield code="i">18-40767</subfield>
      <subfield code="g">25</subfield>
      <subfield code="o">CD94(828.8) J828h 6</subfield>
      <subfield code="e">Extensión UASJ</subfield>
      <subfield code="8">MM</subfield>
    </datafield>
  </record>