
  <record>
    <leader>01000aam  22002601a 4500</leader>
    <controlfield tag="001">YPZ93412</controlfield>
    <controlfield tag="003">YPZ</controlfield>
    <controlfield tag="005">201009171442280</controlfield>
    <controlfield tag="008">100917|###########||||||b||||||||||spa|d</controlfield>
    <datafield tag="022" ind1=" " ind2=" ">
      <subfield code="a">16675665</subfield>
    </datafield>
    <datafield tag="040" ind1=" " ind2=" ">
      <subfield code="c">SIUNPA</subfield>
    </datafield>
    <datafield tag="041" ind1=" " ind2=" ">
      <subfield code="a">spa</subfield>
    </datafield>
    <datafield tag="044" ind1=" " ind2=" ">
      <subfield code="a">AR</subfield>
    </datafield>
    <datafield tag="080" ind1=" " ind2=" ">
      <subfield code="a">504.53.052 T266d</subfield>
    </datafield>
    <datafield tag="100" ind1=" " ind2=" ">
      <subfield code="a">Tejedo, Alejandra.</subfield>
    </datafield>
    <datafield tag="245" ind1=" " ind2=" ">
      <subfield code="a">Degradación de suelos en los alrededores del lago Colhué-Huapí</subfield>
      <subfield code="b"> : Escalante provincia de Chubut</subfield>
    </datafield>
    <datafield tag="260" ind1=" " ind2=" ">
      <subfield code="a">Buenos Aires</subfield>
      <subfield code="b"> : Servicio Geológico Minero Argentino, SEGEMAR</subfield>
      <subfield code="b"> : Instituto de Geología y Recursos Minerales</subfield>
      <subfield code="c"> , 2004</subfield>
    </datafield>
    <datafield tag="440" ind1=" " ind2=" ">
      <subfield code="a">Revista de la Sociedad Argentina de Análisis Político</subfield>
      <subfield code="a">Serie contribuciones técnicas. Peligrosidad Geológica</subfield>
      <subfield code="v">10</subfield>
    </datafield>
    <datafield tag="490" ind1=" " ind2=" ">
      <subfield code="a">Revista de la Sociedad Argentina de Análisis Político</subfield>
      <subfield code="a">Serie contribuciones técnicas. Peligrosidad Geológica</subfield>
      <subfield code="v">10</subfield>
    </datafield>
    <datafield tag="650" ind1=" " ind2=" ">
      <subfield code="a"> DETERIORO AMBIENTAL</subfield>
    </datafield>
    <datafield tag="650" ind1=" " ind2=" ">
      <subfield code="a"> DETERIORO DEL SUELO</subfield>
    </datafield>
    <datafield tag="650" ind1=" " ind2=" ">
      <subfield code="a"> ESTUDIO DE CASOS</subfield>
    </datafield>
    <datafield tag="650" ind1=" " ind2=" ">
      <subfield code="a"> SEQUIA</subfield>
    </datafield>
    <datafield tag="650" ind1=" " ind2=" ">
      <subfield code="a"> LAGO COLHUE</subfield>
    </datafield>
    <datafield tag="650" ind1=" " ind2=" ">
      <subfield code="a">HUAPI (CHUBUT)</subfield>
    </datafield>
    <datafield tag="942" ind1=" " ind2=" ">
      <subfield code="c">CD</subfield>
    </datafield>
    <datafield tag="952" ind1=" " ind2=" ">
      <subfield code="a">BIB_RECT</subfield>
      <subfield code="b">BIB_UASJ</subfield>
      <subfield code="d">2010-09-17</subfield>
      <subfield code="y">CD</subfield>
      <subfield code="p">04-39924</subfield>
      <subfield code="i">04-39924</subfield>
      <subfield code="g">22</subfield>
      <subfield code="o">504.53.052 T266d</subfield>
      <subfield code="e">Proyecto de investigación  29/D025/1</subfield>
      <subfield code="8">MM</subfield>
    </datafield>
  </record>