
  <record>
    <leader>01000aam  22002601a 4500</leader>
    <controlfield tag="001">YPZ93858</controlfield>
    <controlfield tag="003">YPZ</controlfield>
    <controlfield tag="005">201103161832220</controlfield>
    <controlfield tag="008">110316|###########||||||b||||||||||spa|d</controlfield>
    <datafield tag="040" ind1=" " ind2=" ">
      <subfield code="c">SIUNPA</subfield>
    </datafield>
    <datafield tag="041" ind1=" " ind2=" ">
      <subfield code="a">spa</subfield>
    </datafield>
    <datafield tag="044" ind1=" " ind2=" ">
      <subfield code="a">AR</subfield>
    </datafield>
    <datafield tag="080" ind1=" " ind2=" ">
      <subfield code="a">CD378.4</subfield>
    </datafield>
    <datafield tag="110" ind1=" " ind2=" ">
      <subfield code="a">Universidad Nacional de la Patagonia Austral. Unidad Académica Río Gallegos. Dirección de Vinculación Tecnológica.</subfield>
    </datafield>
    <datafield tag="245" ind1=" " ind2=" ">
      <subfield code="a">Anuario 2010</subfield>
    </datafield>
    <datafield tag="260" ind1=" " ind2=" ">
      <subfield code="a">Río Gallegos</subfield>
      <subfield code="b"> : Secretaría de Extensión. Dirección de Vinculación Tecnológica</subfield>
      <subfield code="c"> , [2011]</subfield>
    </datafield>
    <datafield tag="650" ind1=" " ind2=" ">
      <subfield code="a"> UNIDAD ACADEMICA RIO GALLEGOS, UNPA</subfield>
    </datafield>
    <datafield tag="650" ind1=" " ind2=" ">
      <subfield code="a"> VINCULACION TECNOLOGICA </subfield>
    </datafield>
    <datafield tag="650" ind1=" " ind2=" ">
      <subfield code="a"> EXTENSION UNIVERSITARIA</subfield>
    </datafield>
    <datafield tag="650" ind1=" " ind2=" ">
      <subfield code="a"> RIO GALLEGOS (SANTA CRUZ)</subfield>
    </datafield>
    <datafield tag="942" ind1=" " ind2=" ">
      <subfield code="c">CD</subfield>
    </datafield>
    <datafield tag="952" ind1=" " ind2=" ">
      <subfield code="a">BIB_RECT</subfield>
      <subfield code="b">BIB_UARG</subfield>
      <subfield code="d">2011-03-16</subfield>
      <subfield code="y">CD</subfield>
      <subfield code="p">05-40606</subfield>
      <subfield code="i">05-40606</subfield>
      <subfield code="g">44</subfield>
      <subfield code="o">CD378.4</subfield>
      <subfield code="e">Secretaría de Extensión UARG</subfield>
      <subfield code="8">MM</subfield>
    </datafield>
    <datafield tag="952" ind1=" " ind2=" ">
      <subfield code="a">BIB_RECT</subfield>
      <subfield code="b">BIB_UARG</subfield>
      <subfield code="d">2011-03-16</subfield>
      <subfield code="y">CD</subfield>
      <subfield code="p">05-40607</subfield>
      <subfield code="i">05-40607</subfield>
      <subfield code="g">44</subfield>
      <subfield code="o">CD378.4</subfield>
      <subfield code="e">Secretaría de Extensión UARG</subfield>
      <subfield code="8">MM</subfield>
    </datafield>
  </record>