
  <record>
    <leader>01000aam  22002601a 4500</leader>
    <controlfield tag="001">YPZ94494</controlfield>
    <controlfield tag="003">YPZ</controlfield>
    <controlfield tag="005">201110131625310</controlfield>
    <controlfield tag="008">111013|###########||||||b||||||||||spa|d</controlfield>
    <datafield tag="040" ind1=" " ind2=" ">
      <subfield code="c">SIUNPA</subfield>
    </datafield>
    <datafield tag="041" ind1=" " ind2=" ">
      <subfield code="a">spa</subfield>
    </datafield>
    <datafield tag="044" ind1=" " ind2=" ">
      <subfield code="a">AR</subfield>
    </datafield>
    <datafield tag="080" ind1=" " ind2=" ">
      <subfield code="a">CD910 E562g 11</subfield>
    </datafield>
    <datafield tag="110" ind1=" " ind2=" ">
      <subfield code="a">Encuentro de Geógrafos de América Latina (11 : Bogotá : 2007).</subfield>
    </datafield>
    <datafield tag="710" ind1=" " ind2=" ">
      <subfield code="a">Universidad Nacional de Colombia. Facultad de Ciencias Humanas. Departamento de Geografía, org..</subfield>
    </datafield>
    <datafield tag="245" ind1=" " ind2=" ">
      <subfield code="a">Geopolítica, globalización y cambio ambiental</subfield>
      <subfield code="b"> : retos en el desarrollo latinoamericano</subfield>
    </datafield>
    <datafield tag="260" ind1=" " ind2=" ">
      <subfield code="a">Bogotá</subfield>
      <subfield code="b"> : Facultad de Ciencias Humanas</subfield>
      <subfield code="c"> , 2007</subfield>
    </datafield>
    <datafield tag="650" ind1=" " ind2=" ">
      <subfield code="a"> CAMBIO CLIMATICO</subfield>
    </datafield>
    <datafield tag="650" ind1=" " ind2=" ">
      <subfield code="a"> MEDIO AMBIENTE </subfield>
    </datafield>
    <datafield tag="650" ind1=" " ind2=" ">
      <subfield code="a"> GEOGRAFIA</subfield>
    </datafield>
    <datafield tag="650" ind1=" " ind2=" ">
      <subfield code="a"> PROTECCION AMBIENTAL</subfield>
    </datafield>
    <datafield tag="650" ind1=" " ind2=" ">
      <subfield code="a"> EFECTO INVERNADERO</subfield>
    </datafield>
    <datafield tag="942" ind1=" " ind2=" ">
      <subfield code="c">CD</subfield>
    </datafield>
    <datafield tag="952" ind1=" " ind2=" ">
      <subfield code="a">BIB_RECT</subfield>
      <subfield code="b">BIB_UARG</subfield>
      <subfield code="d">2011-08-17</subfield>
      <subfield code="y">CD</subfield>
      <subfield code="p">05-41270</subfield>
      <subfield code="i">05-41270</subfield>
      <subfield code="g">25</subfield>
      <subfield code="o">CD910 E562g 11</subfield>
      <subfield code="e">Donación Merino, Sergio/11</subfield>
      <subfield code="8">MM</subfield>
    </datafield>
  </record>