
  <record>
    <leader>01000aam  22002601a 4500</leader>
    <controlfield tag="001">YPZ94512</controlfield>
    <controlfield tag="003">YPZ</controlfield>
    <controlfield tag="005">201110171634150</controlfield>
    <controlfield tag="008">111017|###########||||||b||||||||||spa|d</controlfield>
    <datafield tag="020" ind1=" " ind2=" ">
      <subfield code="a">9789876790383 (CDROM)</subfield>
    </datafield>
    <datafield tag="040" ind1=" " ind2=" ">
      <subfield code="c">SIUNPA</subfield>
    </datafield>
    <datafield tag="041" ind1=" " ind2=" ">
      <subfield code="a">spa</subfield>
    </datafield>
    <datafield tag="044" ind1=" " ind2=" ">
      <subfield code="a">AR</subfield>
    </datafield>
    <datafield tag="080" ind1=" " ind2=" ">
      <subfield code="a">CD016 I61b 2010</subfield>
    </datafield>
    <datafield tag="245" ind1=" " ind2=" ">
      <subfield code="a">Bibliografía institucional</subfield>
      <subfield code="b"> : producción intelectual del INTA 2010</subfield>
      <subfield code="c"> / Tripaldi, Nicolás M., comp. ; Pedro, Gabriela L. de, comp.</subfield>
    </datafield>
    <datafield tag="260" ind1=" " ind2=" ">
      <subfield code="a">Buenos Aires</subfield>
      <subfield code="b"> : INTA</subfield>
      <subfield code="c"> , 2010</subfield>
    </datafield>
    <datafield tag="300" ind1=" " ind2=" ">
      <subfield code="a">1 CD-ROM : </subfield>
      <subfield code="a">1 CD-ROM : </subfield>
      <subfield code="b">il. ; </subfield>
      <subfield code="a">1 disco compacto son. (ca. 57 min.) : </subfield>
      <subfield code="a">1 CD-ROM : </subfield>
      <subfield code="a">1 CD-ROM : </subfield>
      <subfield code="a">1 CD-ROM : </subfield>
      <subfield code="a">1 CD-ROM : </subfield>
      <subfield code="a">1 CD-ROM : </subfield>
      <subfield code="a">1 CD ROM (210 p.) : </subfield>
      <subfield code="b">il. ; </subfield>
      <subfield code="a">1 CD ROM (43 p.) : </subfield>
      <subfield code="b">il. ; </subfield>
      <subfield code="a">1 CD ROM (57 p.) : </subfield>
      <subfield code="b">il. ; </subfield>
      <subfield code="a">1 CD-ROM : </subfield>
      <subfield code="b">il. ; </subfield>
      <subfield code="a">1 CD-ROM : </subfield>
      <subfield code="a">1 CD-ROM : </subfield>
      <subfield code="a">1 CD-ROM : </subfield>
      <subfield code="a">1 CD-ROM : </subfield>
      <subfield code="a">1 CD-ROM : </subfield>
      <subfield code="a">1 CD-ROM : </subfield>
      <subfield code="b">son., col. ; </subfield>
      <subfield code="a">1 CD-ROM : </subfield>
      <subfield code="a">1 CD-ROM : </subfield>
      <subfield code="a">1 CD-ROM : </subfield>
      <subfield code="a">1 CD-ROM : </subfield>
      <subfield code="a">1 CD-ROM : </subfield>
      <subfield code="a">1 CD ROM : </subfield>
      <subfield code="a">1 CD-ROM + 1 guía del usuario (87 p.) : </subfield>
      <subfield code="a">1 CD-ROM : </subfield>
      <subfield code="a">1 CD-ROM : </subfield>
      <subfield code="b">il. ; </subfield>
      <subfield code="a">1 CD-ROM : </subfield>
      <subfield code="a">1 CD-ROM : </subfield>
      <subfield code="a">1 CD-ROM : </subfield>
      <subfield code="b">il. ; </subfield>
      <subfield code="a">1 CD-ROM : </subfield>
      <subfield code="b">il. ; </subfield>
      <subfield code="a">1 CD-ROM : </subfield>
      <subfield code="b">il. ; </subfield>
      <subfield code="a">1 CD-ROM : </subfield>
      <subfield code="b">il. ; </subfield>
      <subfield code="a">1 CD-ROM : </subfield>
      <subfield code="a">1 CD-ROM : </subfield>
      <subfield code="a">1 CD-ROM : </subfield>
      <subfield code="a">1 CD-ROM : </subfield>
      <subfield code="a">1 CD-ROM : </subfield>
      <subfield code="a">1 CD-ROM : </subfield>
      <subfield code="b">il. ; </subfield>
      <subfield code="a">1 CD-ROM : </subfield>
      <subfield code="a">1 CD-ROM : </subfield>
      <subfield code="a">1 CD-ROM : </subfield>
      <subfield code="a">1 CD-ROM : </subfield>
      <subfield code="a">1 CD-ROM : </subfield>
      <subfield code="a">1 CD-ROM : </subfield>
      <subfield code="a">1 CD-ROM : </subfield>
      <subfield code="a">1 CD-ROM : </subfield>
      <subfield code="b">il. ; </subfield>
      <subfield code="a">4 CD-ROM : </subfield>
      <subfield code="a">1 CD-ROM : </subfield>
      <subfield code="a">1 CD-ROM : </subfield>
      <subfield code="a">1 CD-ROM : </subfield>
      <subfield code="b">il. ; </subfield>
      <subfield code="a">1 CD-ROM : </subfield>
      <subfield code="b">il. ; </subfield>
      <subfield code="a">1 CD-ROM : </subfield>
      <subfield code="b">il. ; </subfield>
      <subfield code="a">1 CD-ROM : </subfield>
      <subfield code="b">il. ; </subfield>
      <subfield code="a">1 CD-ROM : </subfield>
      <subfield code="a">1 CD-ROM : </subfield>
      <subfield code="b">il. ; </subfield>
      <subfield code="a">1 CD-ROM : </subfield>
      <subfield code="a">1 CD-ROM : </subfield>
      <subfield code="a">1 CD-ROM : </subfield>
      <subfield code="a">1 CD-ROM : </subfield>
      <subfield code="e">1 guía de instrucciones (10 p.)</subfield>
    </datafield>
    <datafield tag="650" ind1=" " ind2=" ">
      <subfield code="a"> BIBLIOGRAFIA</subfield>
    </datafield>
    <datafield tag="650" ind1=" " ind2=" ">
      <subfield code="a"> INFORMACION AGRICOLA </subfield>
    </datafield>
    <datafield tag="650" ind1=" " ind2=" ">
      <subfield code="a"> PUBLICACIONES </subfield>
    </datafield>
    <datafield tag="650" ind1=" " ind2=" ">
      <subfield code="a"> INTA</subfield>
    </datafield>
    <datafield tag="942" ind1=" " ind2=" ">
      <subfield code="c">CD</subfield>
    </datafield>
    <datafield tag="952" ind1=" " ind2=" ">
      <subfield code="a">BIB_RECT</subfield>
      <subfield code="b">BIB_UARG</subfield>
      <subfield code="d">2011-10-17</subfield>
      <subfield code="y">CD</subfield>
      <subfield code="p">05-41650</subfield>
      <subfield code="i">05-41650</subfield>
      <subfield code="g">44</subfield>
      <subfield code="o">CD016 I61b 2010</subfield>
      <subfield code="e">INTA/11</subfield>
      <subfield code="8">MM</subfield>
    </datafield>
  </record>