
  <record>
    <leader>01000aam  22002601a 4500</leader>
    <controlfield tag="001">YPZ96342</controlfield>
    <controlfield tag="003">YPZ</controlfield>
    <controlfield tag="005">201210241509510</controlfield>
    <controlfield tag="008">121024|###########||||||b||||||||||spa|d</controlfield>
    <datafield tag="020" ind1=" " ind2=" ">
      <subfield code="a">9789871242399</subfield>
    </datafield>
    <datafield tag="040" ind1=" " ind2=" ">
      <subfield code="c">SIUNPA</subfield>
    </datafield>
    <datafield tag="041" ind1=" " ind2=" ">
      <subfield code="a">spa</subfield>
    </datafield>
    <datafield tag="044" ind1=" " ind2=" ">
      <subfield code="a">AR</subfield>
    </datafield>
    <datafield tag="080" ind1=" " ind2=" ">
      <subfield code="a">CD635.01 E825e</subfield>
    </datafield>
    <datafield tag="100" ind1=" " ind2=" ">
      <subfield code="a">Saal, Gabriel.</subfield>
    </datafield>
    <datafield tag="700" ind1=" " ind2=" ">
      <subfield code="a">Ponce, Nelly.</subfield>
    </datafield>
    <datafield tag="700" ind1=" " ind2=" ">
      <subfield code="a">Concetti, Juan José.</subfield>
    </datafield>
    <datafield tag="700" ind1=" " ind2=" ">
      <subfield code="a">Paredes, Paula.</subfield>
    </datafield>
    <datafield tag="700" ind1=" " ind2=" ">
      <subfield code="a">Bravo, Vilma.</subfield>
    </datafield>
    <datafield tag="245" ind1=" " ind2=" ">
      <subfield code="a">Estudio de la sustentabilidad socioeconómica productiva de la horticultura, en el cinturón verde de Río Gallegos</subfield>
    </datafield>
    <datafield tag="260" ind1=" " ind2=" ">
      <subfield code="a">Río Gallegos</subfield>
      <subfield code="b"> : Universidad Nacional de la Patagonia Austral, UNPA</subfield>
      <subfield code="c"> , 2007</subfield>
    </datafield>
    <datafield tag="500" ind1=" " ind2=" ">
      <subfield code="a">Tít. de partida: Trabajo de investigación</subfield>
    </datafield>
    <datafield tag="650" ind1=" " ind2=" ">
      <subfield code="a"> HORTICULTURA</subfield>
    </datafield>
    <datafield tag="650" ind1=" " ind2=" ">
      <subfield code="a"> CULTIVO DE HORTALIZAS</subfield>
    </datafield>
    <datafield tag="650" ind1=" " ind2=" ">
      <subfield code="a"> METODOS DE CULTIVO</subfield>
    </datafield>
    <datafield tag="650" ind1=" " ind2=" ">
      <subfield code="a"> RIO GALLEGOS (SANTA CRUZ)</subfield>
    </datafield>
    <datafield tag="942" ind1=" " ind2=" ">
      <subfield code="c">CD</subfield>
    </datafield>
    <datafield tag="952" ind1=" " ind2=" ">
      <subfield code="a">BIB_RECT</subfield>
      <subfield code="b">BIB_UACO</subfield>
      <subfield code="d">2012-10-19</subfield>
      <subfield code="y">CD</subfield>
      <subfield code="p">02-43269</subfield>
      <subfield code="i">02-43269</subfield>
      <subfield code="g">44</subfield>
      <subfield code="o">CD635.01 E825e</subfield>
      <subfield code="e">Secretaría de Extensión</subfield>
      <subfield code="8">MM</subfield>
    </datafield>
    <datafield tag="952" ind1=" " ind2=" ">
      <subfield code="a">BIB_RECT</subfield>
      <subfield code="b">BIB_UACO</subfield>
      <subfield code="d">2012-10-19</subfield>
      <subfield code="y">CD</subfield>
      <subfield code="p">02-43270</subfield>
      <subfield code="i">02-43270</subfield>
      <subfield code="g">44</subfield>
      <subfield code="o">CD635.01 E825e</subfield>
      <subfield code="e">Secretaría de Extensión</subfield>
      <subfield code="8">MM</subfield>
    </datafield>
    <datafield tag="952" ind1=" " ind2=" ">
      <subfield code="a">BIB_RECT</subfield>
      <subfield code="b">BIB_UART</subfield>
      <subfield code="d">2012-10-19</subfield>
      <subfield code="y">CD</subfield>
      <subfield code="p">03-43250</subfield>
      <subfield code="i">03-43250</subfield>
      <subfield code="g">44</subfield>
      <subfield code="o">CD635.01 E825e</subfield>
      <subfield code="e">Secretaría de Extensión</subfield>
      <subfield code="8">MM</subfield>
    </datafield>
    <datafield tag="952" ind1=" " ind2=" ">
      <subfield code="a">BIB_RECT</subfield>
      <subfield code="b">BIB_UASJ</subfield>
      <subfield code="d">2012-10-24</subfield>
      <subfield code="y">CD</subfield>
      <subfield code="p">04-43261</subfield>
      <subfield code="i">04-43261</subfield>
      <subfield code="g">44</subfield>
      <subfield code="o">CD635.01 E825e</subfield>
      <subfield code="e">Secretaría de Extensión</subfield>
      <subfield code="8">MM</subfield>
    </datafield>
    <datafield tag="952" ind1=" " ind2=" ">
      <subfield code="a">BIB_RECT</subfield>
      <subfield code="b">BIB_UARG</subfield>
      <subfield code="d">2012-10-19</subfield>
      <subfield code="y">CD</subfield>
      <subfield code="p">05-43284</subfield>
      <subfield code="i">05-43284</subfield>
      <subfield code="g">44</subfield>
      <subfield code="o">CD635.01 E825e</subfield>
      <subfield code="e">Secretaría de Extensión</subfield>
      <subfield code="8">MM</subfield>
    </datafield>
    <datafield tag="952" ind1=" " ind2=" ">
      <subfield code="a">BIB_RECT</subfield>
      <subfield code="b">BIB_UARG</subfield>
      <subfield code="d">2012-10-19</subfield>
      <subfield code="y">CD</subfield>
      <subfield code="p">05-43285</subfield>
      <subfield code="i">05-43285</subfield>
      <subfield code="g">44</subfield>
      <subfield code="o">CD635.01 E825e</subfield>
      <subfield code="e">Secretaría de Extensión</subfield>
      <subfield code="8">MM</subfield>
    </datafield>
    <datafield tag="952" ind1=" " ind2=" ">
      <subfield code="a">BIB_RECT</subfield>
      <subfield code="b">SAT_TRUN</subfield>
      <subfield code="d">2012-10-26</subfield>
      <subfield code="y">CD</subfield>
      <subfield code="p">10-43348</subfield>
      <subfield code="i">10-43348</subfield>
      <subfield code="g">44</subfield>
      <subfield code="o">CD635.01 E825e</subfield>
      <subfield code="e">Secretaría de Extensión</subfield>
      <subfield code="8">MM</subfield>
    </datafield>
    <datafield tag="952" ind1=" " ind2=" ">
      <subfield code="a">BIB_RECT</subfield>
      <subfield code="b">SAT_PBNA</subfield>
      <subfield code="d">2012-10-23</subfield>
      <subfield code="y">CD</subfield>
      <subfield code="p">11-43305</subfield>
      <subfield code="i">11-43305</subfield>
      <subfield code="g">44</subfield>
      <subfield code="o">CD635.01 E825e</subfield>
      <subfield code="e">Secretaría de Extensión</subfield>
      <subfield code="8">MM</subfield>
    </datafield>
    <datafield tag="952" ind1=" " ind2=" ">
      <subfield code="a">BIB_RECT</subfield>
      <subfield code="b">SAT_CLFT</subfield>
      <subfield code="d">2012-10-23</subfield>
      <subfield code="y">CD</subfield>
      <subfield code="p">12-43298</subfield>
      <subfield code="i">12-43298</subfield>
      <subfield code="g">44</subfield>
      <subfield code="o">CD635.01 E825e</subfield>
      <subfield code="e">Secretaría de Extensión</subfield>
      <subfield code="8">MM</subfield>
    </datafield>
    <datafield tag="952" ind1=" " ind2=" ">
      <subfield code="a">BIB_RECT</subfield>
      <subfield code="b">SAT_PMDN </subfield>
      <subfield code="d">2012-10-23</subfield>
      <subfield code="y">CD</subfield>
      <subfield code="p">15-43321</subfield>
      <subfield code="i">15-43321</subfield>
      <subfield code="g">44</subfield>
      <subfield code="o">CD635.01 E825e</subfield>
      <subfield code="e">Secretaría de Extensión</subfield>
      <subfield code="8">MM</subfield>
    </datafield>
    <datafield tag="952" ind1=" " ind2=" ">
      <subfield code="a">BIB_RECT</subfield>
      <subfield code="b">SAT_PDES</subfield>
      <subfield code="d">2012-10-26</subfield>
      <subfield code="y">CD</subfield>
      <subfield code="p">16-43342</subfield>
      <subfield code="i">16-43342</subfield>
      <subfield code="g">44</subfield>
      <subfield code="o">CD635.01 E825e</subfield>
      <subfield code="e">Secretaría de Extensión</subfield>
      <subfield code="8">MM</subfield>
    </datafield>
    <datafield tag="952" ind1=" " ind2=" ">
      <subfield code="a">BIB_RECT</subfield>
      <subfield code="b">SAT_RGRA</subfield>
      <subfield code="d">2012-10-26</subfield>
      <subfield code="y">CD</subfield>
      <subfield code="p">17-43327</subfield>
      <subfield code="i">17-43327</subfield>
      <subfield code="g">44</subfield>
      <subfield code="o">CD635.01 E825e</subfield>
      <subfield code="e">Secretaría de Extensión</subfield>
      <subfield code="8">MM</subfield>
    </datafield>
    <datafield tag="952" ind1=" " ind2=" ">
      <subfield code="a">BIB_RECT</subfield>
      <subfield code="b">SAT_GREG</subfield>
      <subfield code="d">2012-10-26</subfield>
      <subfield code="y">CD</subfield>
      <subfield code="p">18-43335</subfield>
      <subfield code="i">18-43335</subfield>
      <subfield code="g">44</subfield>
      <subfield code="o">CD635.01 E825e</subfield>
      <subfield code="e">Secretaría de Extensión</subfield>
      <subfield code="8">MM</subfield>
    </datafield>
    <datafield tag="952" ind1=" " ind2=" ">
      <subfield code="a">BIB_RECT</subfield>
      <subfield code="b">SAT_USHU</subfield>
      <subfield code="d">2012-10-23</subfield>
      <subfield code="y">CD</subfield>
      <subfield code="p">19-43314</subfield>
      <subfield code="i">19-43314</subfield>
      <subfield code="g">44</subfield>
      <subfield code="o">CD635.01 E825e</subfield>
      <subfield code="e">Secretaría de Extensión</subfield>
      <subfield code="8">MM</subfield>
    </datafield>
  </record>