
  <record>
    <leader>01000aam  22002601a 4500</leader>
    <controlfield tag="001">YPZ96346</controlfield>
    <controlfield tag="003">YPZ</controlfield>
    <controlfield tag="005">201210241819140</controlfield>
    <controlfield tag="008">121024|###########||||||b||||||||||spa|d</controlfield>
    <datafield tag="020" ind1=" " ind2=" ">
      <subfield code="a">9789871242634</subfield>
    </datafield>
    <datafield tag="040" ind1=" " ind2=" ">
      <subfield code="c">SIUNPA</subfield>
    </datafield>
    <datafield tag="041" ind1=" " ind2=" ">
      <subfield code="a">spa</subfield>
    </datafield>
    <datafield tag="044" ind1=" " ind2=" ">
      <subfield code="a">AR</subfield>
    </datafield>
    <datafield tag="080" ind1=" " ind2=" ">
      <subfield code="a">CD378.4 J828e 3</subfield>
    </datafield>
    <datafield tag="110" ind1=" " ind2=" ">
      <subfield code="a">Jornadas de Extensión Universitarias UNPA (3 : 2011 : Río Gallegos).</subfield>
    </datafield>
    <datafield tag="710" ind1=" " ind2=" ">
      <subfield code="a">Universidad Nacional de la Patagonia Austral. Secretaría de Extensión Universitaria, org..</subfield>
    </datafield>
    <datafield tag="710" ind1=" " ind2=" ">
      <subfield code="a">Red Nacional de Extensión Universitaria (Argentina), org..</subfield>
    </datafield>
    <datafield tag="245" ind1=" " ind2=" ">
      <subfield code="a">La práctica de Extensión como herramienta de la formación universitaria integral</subfield>
      <subfield code="c"> / Barbieri, Virginia, comp.</subfield>
    </datafield>
    <datafield tag="260" ind1=" " ind2=" ">
      <subfield code="a">Río Gallegos</subfield>
      <subfield code="b"> : Universidad Nacional de la Patagonia Austral, UNPAedita</subfield>
      <subfield code="c"> , 2011</subfield>
    </datafield>
    <datafield tag="650" ind1=" " ind2=" ">
      <subfield code="a"> EDUCACION SUPERIOR</subfield>
    </datafield>
    <datafield tag="650" ind1=" " ind2=" ">
      <subfield code="a"> EXTENSION UNIVERSITARIA</subfield>
    </datafield>
    <datafield tag="650" ind1=" " ind2=" ">
      <subfield code="a"> UNIVERSIDADES</subfield>
    </datafield>
    <datafield tag="650" ind1=" " ind2=" ">
      <subfield code="a"> ARGENTINA</subfield>
    </datafield>
    <datafield tag="942" ind1=" " ind2=" ">
      <subfield code="c">CD</subfield>
    </datafield>
    <datafield tag="952" ind1=" " ind2=" ">
      <subfield code="a">BIB_RECT</subfield>
      <subfield code="b">BIB_UACO</subfield>
      <subfield code="d">2012-10-19</subfield>
      <subfield code="y">CD</subfield>
      <subfield code="p">02-43265</subfield>
      <subfield code="i">02-43265</subfield>
      <subfield code="g">44</subfield>
      <subfield code="o">CD378.4 J828e 3</subfield>
      <subfield code="e">Secretaría de Extensión</subfield>
      <subfield code="8">MM</subfield>
    </datafield>
    <datafield tag="952" ind1=" " ind2=" ">
      <subfield code="a">BIB_RECT</subfield>
      <subfield code="b">BIB_UACO</subfield>
      <subfield code="d">2012-10-19</subfield>
      <subfield code="y">CD</subfield>
      <subfield code="p">02-43266</subfield>
      <subfield code="i">02-43266</subfield>
      <subfield code="g">44</subfield>
      <subfield code="o">CD378.4 J828e 3</subfield>
      <subfield code="e">Secretaría de Extensión</subfield>
      <subfield code="8">MM</subfield>
    </datafield>
    <datafield tag="952" ind1=" " ind2=" ">
      <subfield code="a">BIB_RECT</subfield>
      <subfield code="b">BIB_UART</subfield>
      <subfield code="d">2012-10-19</subfield>
      <subfield code="y">CD</subfield>
      <subfield code="p">03-43248</subfield>
      <subfield code="i">03-43248</subfield>
      <subfield code="g">44</subfield>
      <subfield code="o">CD378.4 J828e 3</subfield>
      <subfield code="e">Secretaría de Extensión</subfield>
      <subfield code="8">MM</subfield>
    </datafield>
    <datafield tag="952" ind1=" " ind2=" ">
      <subfield code="a">BIB_RECT</subfield>
      <subfield code="b">BIB_UASJ</subfield>
      <subfield code="d">2012-10-24</subfield>
      <subfield code="y">CD</subfield>
      <subfield code="p">04-43259</subfield>
      <subfield code="i">04-43259</subfield>
      <subfield code="g">44</subfield>
      <subfield code="o">CD378.4 J828e 3</subfield>
      <subfield code="e">Secretaría de Extensión</subfield>
      <subfield code="8">MM</subfield>
    </datafield>
    <datafield tag="952" ind1=" " ind2=" ">
      <subfield code="a">BIB_RECT</subfield>
      <subfield code="b">BIB_UARG</subfield>
      <subfield code="d">2012-10-19</subfield>
      <subfield code="y">CD</subfield>
      <subfield code="p">05-43280</subfield>
      <subfield code="i">05-43280</subfield>
      <subfield code="g">44</subfield>
      <subfield code="o">CD378.4 J828e 3</subfield>
      <subfield code="e">Secretaría de Extensión</subfield>
      <subfield code="8">MM</subfield>
    </datafield>
    <datafield tag="952" ind1=" " ind2=" ">
      <subfield code="a">BIB_RECT</subfield>
      <subfield code="b">BIB_UARG</subfield>
      <subfield code="d">2012-10-19</subfield>
      <subfield code="y">CD</subfield>
      <subfield code="p">05-43281</subfield>
      <subfield code="i">05-43281</subfield>
      <subfield code="g">44</subfield>
      <subfield code="o">CD378.4 J828e 3</subfield>
      <subfield code="e">Secretaría de Extensión</subfield>
      <subfield code="8">MM</subfield>
    </datafield>
    <datafield tag="952" ind1=" " ind2=" ">
      <subfield code="a">BIB_RECT</subfield>
      <subfield code="b">SAT_TRUN</subfield>
      <subfield code="d">2012-10-26</subfield>
      <subfield code="y">CD</subfield>
      <subfield code="p">10-43346</subfield>
      <subfield code="i">10-43346</subfield>
      <subfield code="g">44</subfield>
      <subfield code="o">CD378.4 J828e 3</subfield>
      <subfield code="e">Secretaría de Extensión</subfield>
      <subfield code="8">MM</subfield>
    </datafield>
    <datafield tag="952" ind1=" " ind2=" ">
      <subfield code="a">BIB_RECT</subfield>
      <subfield code="b">SAT_PBNA</subfield>
      <subfield code="d">2012-10-23</subfield>
      <subfield code="y">CD</subfield>
      <subfield code="p">11-43303</subfield>
      <subfield code="i">11-43303</subfield>
      <subfield code="g">44</subfield>
      <subfield code="o">CD378.4 J828e 3</subfield>
      <subfield code="e">Secretaría de Extensión</subfield>
      <subfield code="8">MM</subfield>
    </datafield>
    <datafield tag="952" ind1=" " ind2=" ">
      <subfield code="a">BIB_RECT</subfield>
      <subfield code="b">SAT_CLFT</subfield>
      <subfield code="d">2012-10-23</subfield>
      <subfield code="y">CD</subfield>
      <subfield code="p">12-43295</subfield>
      <subfield code="i">12-43295</subfield>
      <subfield code="g">44</subfield>
      <subfield code="o">CD378.4 J828e 3</subfield>
      <subfield code="e">Secretaría de Extensión</subfield>
      <subfield code="8">MM</subfield>
    </datafield>
    <datafield tag="952" ind1=" " ind2=" ">
      <subfield code="a">BIB_RECT</subfield>
      <subfield code="b">SAT_PMDN </subfield>
      <subfield code="d">2012-10-23</subfield>
      <subfield code="y">CD</subfield>
      <subfield code="p">15-43319</subfield>
      <subfield code="i">15-43319</subfield>
      <subfield code="g">44</subfield>
      <subfield code="o">CD378.4 J828e 3</subfield>
      <subfield code="e">Secretaría de Extensión</subfield>
      <subfield code="8">MM</subfield>
    </datafield>
    <datafield tag="952" ind1=" " ind2=" ">
      <subfield code="a">BIB_RECT</subfield>
      <subfield code="b">SAT_PDES</subfield>
      <subfield code="d">2012-10-26</subfield>
      <subfield code="y">CD</subfield>
      <subfield code="p">16-43340</subfield>
      <subfield code="i">16-43340</subfield>
      <subfield code="g">44</subfield>
      <subfield code="o">CD378.4 J828e 3</subfield>
      <subfield code="e">Secretaría de Extensión</subfield>
      <subfield code="8">MM</subfield>
    </datafield>
    <datafield tag="952" ind1=" " ind2=" ">
      <subfield code="a">BIB_RECT</subfield>
      <subfield code="b">SAT_RGRA</subfield>
      <subfield code="d">2012-10-26</subfield>
      <subfield code="y">CD</subfield>
      <subfield code="p">17-43325</subfield>
      <subfield code="i">17-43325</subfield>
      <subfield code="g">44</subfield>
      <subfield code="o">CD378.4 J828e 3</subfield>
      <subfield code="e">Secretaría de Extensión</subfield>
      <subfield code="8">MM</subfield>
    </datafield>
    <datafield tag="952" ind1=" " ind2=" ">
      <subfield code="a">BIB_RECT</subfield>
      <subfield code="b">SAT_GREG</subfield>
      <subfield code="d">2012-10-26</subfield>
      <subfield code="y">CD</subfield>
      <subfield code="p">18-43333</subfield>
      <subfield code="i">18-43333</subfield>
      <subfield code="g">44</subfield>
      <subfield code="o">CD378.4 J828e 3</subfield>
      <subfield code="e">Secretaría de Extensión</subfield>
      <subfield code="8">MM</subfield>
    </datafield>
    <datafield tag="952" ind1=" " ind2=" ">
      <subfield code="a">BIB_RECT</subfield>
      <subfield code="b">SAT_USHU</subfield>
      <subfield code="d">2012-10-23</subfield>
      <subfield code="y">CD</subfield>
      <subfield code="p">19-43312</subfield>
      <subfield code="i">19-43312</subfield>
      <subfield code="g">44</subfield>
      <subfield code="o">CD378.4 J828e 3</subfield>
      <subfield code="e">Secretaría de Extensión</subfield>
      <subfield code="8">MM</subfield>
    </datafield>
  </record>