
  <record>
    <leader>01000aam  22002601a 4500</leader>
    <controlfield tag="001">YPZ96348</controlfield>
    <controlfield tag="003">YPZ</controlfield>
    <controlfield tag="005">201210241842160</controlfield>
    <controlfield tag="008">121024|###########||||||b||||||||||spa|d</controlfield>
    <datafield tag="020" ind1=" " ind2=" ">
      <subfield code="a">9789871242665</subfield>
    </datafield>
    <datafield tag="040" ind1=" " ind2=" ">
      <subfield code="c">SIUNPA</subfield>
    </datafield>
    <datafield tag="041" ind1=" " ind2=" ">
      <subfield code="a">spa</subfield>
    </datafield>
    <datafield tag="044" ind1=" " ind2=" ">
      <subfield code="a">AR</subfield>
    </datafield>
    <datafield tag="080" ind1=" " ind2=" ">
      <subfield code="a">CD378.4 E562i 2</subfield>
    </datafield>
    <datafield tag="110" ind1=" " ind2=" ">
      <subfield code="a">Encuentro de Investigadores de la Patagonia Austral (2 : 2012 : Puerto San Julián).</subfield>
    </datafield>
    <datafield tag="245" ind1=" " ind2=" ">
      <subfield code="a">Encuentro de investigadores de la Patagonia austral</subfield>
      <subfield code="c"> / Casas, Sandra, comp.</subfield>
    </datafield>
    <datafield tag="260" ind1=" " ind2=" ">
      <subfield code="a">Río Gallegos</subfield>
      <subfield code="b"> : Secretaría de Extensión Universitaria, UNPA</subfield>
      <subfield code="c"> , 2012</subfield>
    </datafield>
    <datafield tag="650" ind1=" " ind2=" ">
      <subfield code="a"> INVESTIGACION</subfield>
    </datafield>
    <datafield tag="650" ind1=" " ind2=" ">
      <subfield code="a"> PROYECTO DE INVESTIGACION</subfield>
    </datafield>
    <datafield tag="650" ind1=" " ind2=" ">
      <subfield code="a"> UNIVERSIDAD NACIONAL DE LA PATAGONIA AUSTRAL</subfield>
    </datafield>
    <datafield tag="650" ind1=" " ind2=" ">
      <subfield code="a"> SANTA CRUZ (ARGENTINA)</subfield>
    </datafield>
    <datafield tag="942" ind1=" " ind2=" ">
      <subfield code="c">CD</subfield>
    </datafield>
    <datafield tag="952" ind1=" " ind2=" ">
      <subfield code="a">BIB_RECT</subfield>
      <subfield code="b">BIB_UACO</subfield>
      <subfield code="d">2012-10-19</subfield>
      <subfield code="y">CD</subfield>
      <subfield code="p">02-43267</subfield>
      <subfield code="i">02-43267</subfield>
      <subfield code="g">44</subfield>
      <subfield code="o">CD378.4 E562i 2</subfield>
      <subfield code="e">Secretaría de Extensión</subfield>
      <subfield code="8">MM</subfield>
    </datafield>
    <datafield tag="952" ind1=" " ind2=" ">
      <subfield code="a">BIB_RECT</subfield>
      <subfield code="b">BIB_UACO</subfield>
      <subfield code="d">2012-10-19</subfield>
      <subfield code="y">CD</subfield>
      <subfield code="p">02-43268</subfield>
      <subfield code="i">02-43268</subfield>
      <subfield code="g">44</subfield>
      <subfield code="o">CD378.4 E562i 2</subfield>
      <subfield code="e">Secretaría de Extensión</subfield>
      <subfield code="8">MM</subfield>
    </datafield>
    <datafield tag="952" ind1=" " ind2=" ">
      <subfield code="a">BIB_RECT</subfield>
      <subfield code="b">BIB_UART</subfield>
      <subfield code="d">2012-10-19</subfield>
      <subfield code="y">CD</subfield>
      <subfield code="p">03-43246</subfield>
      <subfield code="i">03-43246</subfield>
      <subfield code="g">44</subfield>
      <subfield code="o">CD378.4 E562i 2</subfield>
      <subfield code="e">Secretaría de Extensión</subfield>
      <subfield code="8">MM</subfield>
    </datafield>
    <datafield tag="952" ind1=" " ind2=" ">
      <subfield code="a">BIB_RECT</subfield>
      <subfield code="b">BIB_UART</subfield>
      <subfield code="d">2012-10-19</subfield>
      <subfield code="y">CD</subfield>
      <subfield code="p">03-43247</subfield>
      <subfield code="i">03-43247</subfield>
      <subfield code="g">44</subfield>
      <subfield code="o">CD378.4 E562i 2</subfield>
      <subfield code="e">Secretaría de Extensión</subfield>
      <subfield code="8">MM</subfield>
    </datafield>
    <datafield tag="952" ind1=" " ind2=" ">
      <subfield code="a">BIB_RECT</subfield>
      <subfield code="b">BIB_UASJ</subfield>
      <subfield code="d">2012-10-24</subfield>
      <subfield code="y">CD</subfield>
      <subfield code="p">04-43258</subfield>
      <subfield code="i">04-43258</subfield>
      <subfield code="g">44</subfield>
      <subfield code="o">CD378.4 E562i 2</subfield>
      <subfield code="e">Secretaría de Extensión</subfield>
      <subfield code="8">MM</subfield>
    </datafield>
    <datafield tag="952" ind1=" " ind2=" ">
      <subfield code="a">BIB_RECT</subfield>
      <subfield code="b">BIB_UARG</subfield>
      <subfield code="d">2012-10-19</subfield>
      <subfield code="y">CD</subfield>
      <subfield code="p">05-43278</subfield>
      <subfield code="i">05-43278</subfield>
      <subfield code="g">44</subfield>
      <subfield code="o">CD378.4 E562i 2</subfield>
      <subfield code="e">Secretaría de Extensión</subfield>
      <subfield code="8">MM</subfield>
    </datafield>
    <datafield tag="952" ind1=" " ind2=" ">
      <subfield code="a">BIB_RECT</subfield>
      <subfield code="b">BIB_UARG</subfield>
      <subfield code="d">2012-10-19</subfield>
      <subfield code="y">CD</subfield>
      <subfield code="p">05-43279</subfield>
      <subfield code="i">05-43279</subfield>
      <subfield code="g">44</subfield>
      <subfield code="o">CD378.4 E562i 2</subfield>
      <subfield code="e">Secretaría de Extensión</subfield>
      <subfield code="8">MM</subfield>
    </datafield>
    <datafield tag="952" ind1=" " ind2=" ">
      <subfield code="a">BIB_RECT</subfield>
      <subfield code="b">SAT_TRUN</subfield>
      <subfield code="d">2012-10-26</subfield>
      <subfield code="y">CD</subfield>
      <subfield code="p">10-43349</subfield>
      <subfield code="i">10-43349</subfield>
      <subfield code="g">44</subfield>
      <subfield code="o">CD378.4 E562i 2</subfield>
      <subfield code="e">Secretaría de Extensión</subfield>
      <subfield code="8">MM</subfield>
    </datafield>
    <datafield tag="952" ind1=" " ind2=" ">
      <subfield code="a">BIB_RECT</subfield>
      <subfield code="b">SAT_PBNA</subfield>
      <subfield code="d">2012-10-23</subfield>
      <subfield code="y">CD</subfield>
      <subfield code="p">11-43302</subfield>
      <subfield code="i">11-43302</subfield>
      <subfield code="g">44</subfield>
      <subfield code="o">CD378.4 E562i 2</subfield>
      <subfield code="e">Secretaría de Extensión</subfield>
      <subfield code="8">MM</subfield>
    </datafield>
    <datafield tag="952" ind1=" " ind2=" ">
      <subfield code="a">BIB_RECT</subfield>
      <subfield code="b">SAT_CLFT</subfield>
      <subfield code="d">2012-10-23</subfield>
      <subfield code="y">CD</subfield>
      <subfield code="p">12-43296</subfield>
      <subfield code="i">12-43296</subfield>
      <subfield code="g">44</subfield>
      <subfield code="o">CD378.4 E562i 2</subfield>
      <subfield code="e">Secretaría de Extensión</subfield>
      <subfield code="8">MM</subfield>
    </datafield>
    <datafield tag="952" ind1=" " ind2=" ">
      <subfield code="a">BIB_RECT</subfield>
      <subfield code="b">SAT_PMDN </subfield>
      <subfield code="d">2012-10-23</subfield>
      <subfield code="y">CD</subfield>
      <subfield code="p">15-43318</subfield>
      <subfield code="i">15-43318</subfield>
      <subfield code="g">44</subfield>
      <subfield code="o">CD378.4 E562i 2</subfield>
      <subfield code="e">Secretaría de Extensión</subfield>
      <subfield code="8">MM</subfield>
    </datafield>
    <datafield tag="952" ind1=" " ind2=" ">
      <subfield code="a">BIB_RECT</subfield>
      <subfield code="b">SAT_PDES</subfield>
      <subfield code="d">2012-10-26</subfield>
      <subfield code="y">CD</subfield>
      <subfield code="p">16-43339</subfield>
      <subfield code="i">16-43339</subfield>
      <subfield code="g">44</subfield>
      <subfield code="o">CD378.4 E562i 2</subfield>
      <subfield code="e">Secretaría de Extensión</subfield>
      <subfield code="8">MM</subfield>
    </datafield>
    <datafield tag="952" ind1=" " ind2=" ">
      <subfield code="a">BIB_RECT</subfield>
      <subfield code="b">SAT_RGRA</subfield>
      <subfield code="d">2012-10-26</subfield>
      <subfield code="y">CD</subfield>
      <subfield code="p">17-43326</subfield>
      <subfield code="i">17-43326</subfield>
      <subfield code="g">44</subfield>
      <subfield code="o">CD378.4 E562i 2</subfield>
      <subfield code="e">Secretaría de Extensión</subfield>
      <subfield code="8">MM</subfield>
    </datafield>
    <datafield tag="952" ind1=" " ind2=" ">
      <subfield code="a">BIB_RECT</subfield>
      <subfield code="b">SAT_GREG</subfield>
      <subfield code="d">2012-10-26</subfield>
      <subfield code="y">CD</subfield>
      <subfield code="p">18-43332</subfield>
      <subfield code="i">18-43332</subfield>
      <subfield code="g">44</subfield>
      <subfield code="o">CD378.4 E562i 2</subfield>
      <subfield code="e">Secretaría de Extensión</subfield>
      <subfield code="8">MM</subfield>
    </datafield>
    <datafield tag="952" ind1=" " ind2=" ">
      <subfield code="a">BIB_RECT</subfield>
      <subfield code="b">SAT_USHU</subfield>
      <subfield code="d">2012-10-23</subfield>
      <subfield code="y">CD</subfield>
      <subfield code="p">19-43311</subfield>
      <subfield code="i">19-43311</subfield>
      <subfield code="g">44</subfield>
      <subfield code="o">CD378.4 E562i 2</subfield>
      <subfield code="e">Secretaría de Extensión</subfield>
      <subfield code="8">MM</subfield>
    </datafield>
  </record>