
  <record>
    <leader>01000aam  22002601a 4500</leader>
    <controlfield tag="001">YPZ96355</controlfield>
    <controlfield tag="003">YPZ</controlfield>
    <controlfield tag="005">201210261602450</controlfield>
    <controlfield tag="008">121026|###########||||||b||||||||||spa|d</controlfield>
    <datafield tag="020" ind1=" " ind2=" ">
      <subfield code="a">9789871242412</subfield>
    </datafield>
    <datafield tag="040" ind1=" " ind2=" ">
      <subfield code="c">SIUNPA</subfield>
    </datafield>
    <datafield tag="041" ind1=" " ind2=" ">
      <subfield code="a">eng</subfield>
    </datafield>
    <datafield tag="044" ind1=" " ind2=" ">
      <subfield code="a">AR</subfield>
    </datafield>
    <datafield tag="080" ind1=" " ind2=" ">
      <subfield code="a">CD631.41 B833p</subfield>
    </datafield>
    <datafield tag="100" ind1=" " ind2=" ">
      <subfield code="a">Bregliani, Mabel.</subfield>
    </datafield>
    <datafield tag="245" ind1=" " ind2=" ">
      <subfield code="a">Possible importance of soil n-fractions soluble in 0.01M CACL2</subfield>
    </datafield>
    <datafield tag="260" ind1=" " ind2=" ">
      <subfield code="a">Río Gallegos</subfield>
      <subfield code="b"> : Universidad Nacional de la Patagonia Austral, UNPA</subfield>
      <subfield code="c"> , 2009</subfield>
    </datafield>
    <datafield tag="500" ind1=" " ind2=" ">
      <subfield code="a">Tesis Master of Science (Department of Soil Science and Plant Nutrition, Wageningen Agricultural University)</subfield>
    </datafield>
    <datafield tag="650" ind1=" " ind2=" ">
      <subfield code="a"> QUIMICA DE SUELOS</subfield>
    </datafield>
    <datafield tag="942" ind1=" " ind2=" ">
      <subfield code="c">CD</subfield>
    </datafield>
    <datafield tag="952" ind1=" " ind2=" ">
      <subfield code="a">BIB_RECT</subfield>
      <subfield code="b">BIB_UARG</subfield>
      <subfield code="d">2012-10-26</subfield>
      <subfield code="y">CD</subfield>
      <subfield code="p">05-43286</subfield>
      <subfield code="i">05-43286</subfield>
      <subfield code="g">44</subfield>
      <subfield code="o">CD631.41 B833p</subfield>
      <subfield code="e">Secretaría de Extensión</subfield>
      <subfield code="8">MM</subfield>
    </datafield>
  </record>