
  <record>
    <leader>01000aam  22002601a 4500</leader>
    <controlfield tag="001">YPZ96611</controlfield>
    <controlfield tag="003">YPZ</controlfield>
    <controlfield tag="005">201211211534330</controlfield>
    <controlfield tag="008">121121|###########||||||b||||||||||spa|d</controlfield>
    <datafield tag="020" ind1=" " ind2=" ">
      <subfield code="a">9789871242719</subfield>
    </datafield>
    <datafield tag="040" ind1=" " ind2=" ">
      <subfield code="c">SIUNPA</subfield>
    </datafield>
    <datafield tag="041" ind1=" " ind2=" ">
      <subfield code="a">spa</subfield>
    </datafield>
    <datafield tag="044" ind1=" " ind2=" ">
      <subfield code="a">AR</subfield>
    </datafield>
    <datafield tag="080" ind1=" " ind2=" ">
      <subfield code="a">CD725 J828r</subfield>
    </datafield>
    <datafield tag="110" ind1=" " ind2=" ">
      <subfield code="a">Jornadas de Reflexión acerca de los Paisajes Culturales de Argentina y Chile, en Especial Situados en la Región Patagónica (2012 : Río Gallegos, Santa Cruz).</subfield>
    </datafield>
    <datafield tag="245" ind1=" " ind2=" ">
      <subfield code="a">Paisajes culturales</subfield>
      <subfield code="b"> : memorias de las Jornadas de reflexión acerca de los paisajes culturales de Argentina y Chile, en especial situados en la región patagónica</subfield>
      <subfield code="c"> / Navarro, Viviana, comp. ; Espinosa, Silvana, comp.</subfield>
    </datafield>
    <datafield tag="260" ind1=" " ind2=" ">
      <subfield code="a">Río Gallegos</subfield>
      <subfield code="b"> : Universidad Nacional de la Patagonia Austral, UNPA</subfield>
      <subfield code="c"> , 2012</subfield>
    </datafield>
    <datafield tag="650" ind1=" " ind2=" ">
      <subfield code="a"> ARQUITECTURA</subfield>
    </datafield>
    <datafield tag="650" ind1=" " ind2=" ">
      <subfield code="a"> PATRIMONIO CULTURAL</subfield>
    </datafield>
    <datafield tag="650" ind1=" " ind2=" ">
      <subfield code="a"> ARGENTINA</subfield>
    </datafield>
    <datafield tag="650" ind1=" " ind2=" ">
      <subfield code="a"> CHILE</subfield>
    </datafield>
    <datafield tag="650" ind1=" " ind2=" ">
      <subfield code="a"> REGION PATAGONICA</subfield>
    </datafield>
    <datafield tag="942" ind1=" " ind2=" ">
      <subfield code="c">CD</subfield>
    </datafield>
    <datafield tag="952" ind1=" " ind2=" ">
      <subfield code="a">BIB_RECT</subfield>
      <subfield code="b">BIB_UACO</subfield>
      <subfield code="d">2013-02-28</subfield>
      <subfield code="y">CD</subfield>
      <subfield code="p">02-44005</subfield>
      <subfield code="i">02-44005</subfield>
      <subfield code="g">44</subfield>
      <subfield code="o">CD725 J828r</subfield>
      <subfield code="e">Don. Navarro, Viviana</subfield>
      <subfield code="8">MM</subfield>
    </datafield>
    <datafield tag="952" ind1=" " ind2=" ">
      <subfield code="a">BIB_RECT</subfield>
      <subfield code="b">BIB_UART</subfield>
      <subfield code="d">2012-11-28</subfield>
      <subfield code="y">CD</subfield>
      <subfield code="p">03-43601</subfield>
      <subfield code="i">03-43601</subfield>
      <subfield code="g">44</subfield>
      <subfield code="o">CD725 J828r</subfield>
      <subfield code="e">Donación Navarro, Viviana</subfield>
      <subfield code="8">MM</subfield>
    </datafield>
    <datafield tag="952" ind1=" " ind2=" ">
      <subfield code="a">BIB_RECT</subfield>
      <subfield code="b">BIB_UART</subfield>
      <subfield code="d">2012-11-28</subfield>
      <subfield code="y">CD</subfield>
      <subfield code="p">03-43602</subfield>
      <subfield code="i">03-43602</subfield>
      <subfield code="g">44</subfield>
      <subfield code="o">CD725 J828r</subfield>
      <subfield code="e">Donación Navarro, Viviana</subfield>
      <subfield code="8">MM</subfield>
    </datafield>
    <datafield tag="952" ind1=" " ind2=" ">
      <subfield code="a">BIB_RECT</subfield>
      <subfield code="b">BIB_UASJ</subfield>
      <subfield code="d">2012-11-19</subfield>
      <subfield code="y">CD</subfield>
      <subfield code="p">04-43553</subfield>
      <subfield code="i">04-43553</subfield>
      <subfield code="g">44</subfield>
      <subfield code="o">CD725 J828r</subfield>
      <subfield code="e">Donación Navarro, Viviana</subfield>
      <subfield code="8">MM</subfield>
    </datafield>
    <datafield tag="952" ind1=" " ind2=" ">
      <subfield code="a">BIB_RECT</subfield>
      <subfield code="b">BIB_UARG</subfield>
      <subfield code="d">2013-03-26</subfield>
      <subfield code="y">CD</subfield>
      <subfield code="p">05-44181</subfield>
      <subfield code="i">05-44181</subfield>
      <subfield code="g">44</subfield>
      <subfield code="o">CD725 J828r</subfield>
      <subfield code="e">Navarro, Viviana</subfield>
      <subfield code="8">MM</subfield>
    </datafield>
    <datafield tag="952" ind1=" " ind2=" ">
      <subfield code="a">BIB_RECT</subfield>
      <subfield code="b">BIB_UARG</subfield>
      <subfield code="d">2013-03-26</subfield>
      <subfield code="y">CD</subfield>
      <subfield code="p">05-44182</subfield>
      <subfield code="i">05-44182</subfield>
      <subfield code="g">44</subfield>
      <subfield code="o">CD725 J828r</subfield>
      <subfield code="e">Navarro, Viviana</subfield>
      <subfield code="8">MM</subfield>
    </datafield>
    <datafield tag="952" ind1=" " ind2=" ">
      <subfield code="a">BIB_RECT</subfield>
      <subfield code="b">SAT_TRUN</subfield>
      <subfield code="d">2012-11-21</subfield>
      <subfield code="y">CD</subfield>
      <subfield code="p">10-43536</subfield>
      <subfield code="i">10-43536</subfield>
      <subfield code="g">44</subfield>
      <subfield code="o">CD725 J828r</subfield>
      <subfield code="e">Donación Navarro, Viviana</subfield>
      <subfield code="8">MM</subfield>
    </datafield>
    <datafield tag="952" ind1=" " ind2=" ">
      <subfield code="a">BIB_RECT</subfield>
      <subfield code="b">SAT_RGRA</subfield>
      <subfield code="d">2012-11-21</subfield>
      <subfield code="y">CD</subfield>
      <subfield code="p">11-43537</subfield>
      <subfield code="i">11-43537</subfield>
      <subfield code="g">44</subfield>
      <subfield code="o">CD725 J828r</subfield>
      <subfield code="e">Donación Navarro, Viviana</subfield>
      <subfield code="8">MM</subfield>
    </datafield>
    <datafield tag="952" ind1=" " ind2=" ">
      <subfield code="a">BIB_RECT</subfield>
      <subfield code="b">BIB_UASJ</subfield>
      <subfield code="d">2012-11-21</subfield>
      <subfield code="y">CD</subfield>
      <subfield code="p">12-43538</subfield>
      <subfield code="i">12-43538</subfield>
      <subfield code="g">44</subfield>
      <subfield code="o">CD725 J828r</subfield>
      <subfield code="e">Donación Navarro, Viviana</subfield>
      <subfield code="8">MM</subfield>
    </datafield>
    <datafield tag="952" ind1=" " ind2=" ">
      <subfield code="a">BIB_RECT</subfield>
      <subfield code="b">SAT_PMDN </subfield>
      <subfield code="d">2012-11-21</subfield>
      <subfield code="y">CD</subfield>
      <subfield code="p">15-43539</subfield>
      <subfield code="i">15-43539</subfield>
      <subfield code="g">44</subfield>
      <subfield code="o">CD725 J828r</subfield>
      <subfield code="e">Donación Navarro, Viviana</subfield>
      <subfield code="8">MM</subfield>
    </datafield>
    <datafield tag="952" ind1=" " ind2=" ">
      <subfield code="a">BIB_RECT</subfield>
      <subfield code="b">SAT_PDES</subfield>
      <subfield code="d">2012-11-21</subfield>
      <subfield code="y">CD</subfield>
      <subfield code="p">16-43543</subfield>
      <subfield code="i">16-43543</subfield>
      <subfield code="g">44</subfield>
      <subfield code="o">CD725 J828r</subfield>
      <subfield code="e">Donación Navarro, Viviana</subfield>
      <subfield code="8">MM</subfield>
    </datafield>
    <datafield tag="952" ind1=" " ind2=" ">
      <subfield code="a">BIB_RECT</subfield>
      <subfield code="b">SAT_RGRA</subfield>
      <subfield code="d">2012-11-21</subfield>
      <subfield code="y">CD</subfield>
      <subfield code="p">17-43540</subfield>
      <subfield code="i">17-43540</subfield>
      <subfield code="g">44</subfield>
      <subfield code="o">CD725 J828r</subfield>
      <subfield code="e">Donación Navarro, Viviana</subfield>
      <subfield code="8">MM</subfield>
    </datafield>
    <datafield tag="952" ind1=" " ind2=" ">
      <subfield code="a">BIB_RECT</subfield>
      <subfield code="b">SAT_GREG</subfield>
      <subfield code="d">2012-11-21</subfield>
      <subfield code="y">CD</subfield>
      <subfield code="p">18-43541</subfield>
      <subfield code="i">18-43541</subfield>
      <subfield code="g">44</subfield>
      <subfield code="o">CD725 J828r</subfield>
      <subfield code="e">Donación Navarro, Viviana</subfield>
      <subfield code="8">MM</subfield>
    </datafield>
    <datafield tag="952" ind1=" " ind2=" ">
      <subfield code="a">BIB_RECT</subfield>
      <subfield code="b">SAT_USHU</subfield>
      <subfield code="d">2012-11-21</subfield>
      <subfield code="y">CD</subfield>
      <subfield code="p">19-43542</subfield>
      <subfield code="i">19-43542</subfield>
      <subfield code="g">44</subfield>
      <subfield code="o">CD725 J828r</subfield>
      <subfield code="e">Donación Navarro, Viviana</subfield>
      <subfield code="8">MM</subfield>
    </datafield>
  </record>