
  <record>
    <leader>01000aam  22002601a 4500</leader>
    <controlfield tag="001">YPZ96973</controlfield>
    <controlfield tag="003">YPZ</controlfield>
    <controlfield tag="005">201302261734570</controlfield>
    <controlfield tag="008">130226|###########||||||b||||||||||spa|d</controlfield>
    <datafield tag="040" ind1=" " ind2=" ">
      <subfield code="c">SIUNPA</subfield>
    </datafield>
    <datafield tag="041" ind1=" " ind2=" ">
      <subfield code="a">spa</subfield>
    </datafield>
    <datafield tag="044" ind1=" " ind2=" ">
      <subfield code="a">AR</subfield>
    </datafield>
    <datafield tag="080" ind1=" " ind2=" ">
      <subfield code="a">CD316.42(82)</subfield>
    </datafield>
    <datafield tag="110" ind1=" " ind2=" ">
      <subfield code="a">Argentina. Congreso. Senado.</subfield>
    </datafield>
    <datafield tag="245" ind1=" " ind2=" ">
      <subfield code="a">Informe argentino sobre desarrollo humano 1995-1998</subfield>
      <subfield code="c"> / Cafiero, Antonio F., dir. ; Biedma, Clara, colab. ; Fontela, Mariano, colab. ; Macía, Silvestre, ed. ; González Bender, Lorena, ed.</subfield>
    </datafield>
    <datafield tag="260" ind1=" " ind2=" ">
      <subfield code="a">Buenos Aires</subfield>
      <subfield code="b"> : Comisión de Ecología y Desarrollo Humano, Programa de las Naciones Unidas para el Desarrollo</subfield>
      <subfield code="b"> : Honorable Senado de la Nación</subfield>
      <subfield code="c"> , 1998</subfield>
    </datafield>
    <datafield tag="650" ind1=" " ind2=" ">
      <subfield code="a"> DESARROLLO HUMANO  DATO ESTADISTICO</subfield>
    </datafield>
    <datafield tag="650" ind1=" " ind2=" ">
      <subfield code="a"> PROGRAMA DE DESARROLLO</subfield>
    </datafield>
    <datafield tag="650" ind1=" " ind2=" ">
      <subfield code="a"> DERECHOS HUMANOS</subfield>
    </datafield>
    <datafield tag="650" ind1=" " ind2=" ">
      <subfield code="a"> JUSTICIA SOCIAL </subfield>
    </datafield>
    <datafield tag="650" ind1=" " ind2=" ">
      <subfield code="a"> POBREZA</subfield>
    </datafield>
    <datafield tag="650" ind1=" " ind2=" ">
      <subfield code="a"> ARGENTINA</subfield>
    </datafield>
    <datafield tag="942" ind1=" " ind2=" ">
      <subfield code="c">CD</subfield>
    </datafield>
    <datafield tag="952" ind1=" " ind2=" ">
      <subfield code="a">BIB_RECT</subfield>
      <subfield code="b">BIB_UARG</subfield>
      <subfield code="d">2013-02-26</subfield>
      <subfield code="y">CD</subfield>
      <subfield code="p">05-15958</subfield>
      <subfield code="i">05-15958</subfield>
      <subfield code="g">45</subfield>
      <subfield code="o">CD316.42(82)</subfield>
      <subfield code="e">MigracionUARG</subfield>
      <subfield code="8">MM</subfield>
    </datafield>
  </record>