
  <record>
    <leader>01000aam  22002601a 4500</leader>
    <controlfield tag="001">YPZ97360</controlfield>
    <controlfield tag="003">YPZ</controlfield>
    <controlfield tag="005">201304121359080</controlfield>
    <controlfield tag="008">130412|###########||||||b||||||||||spa|d</controlfield>
    <datafield tag="040" ind1=" " ind2=" ">
      <subfield code="c">SIUNPA</subfield>
    </datafield>
    <datafield tag="041" ind1=" " ind2=" ">
      <subfield code="a">spa</subfield>
    </datafield>
    <datafield tag="044" ind1=" " ind2=" ">
      <subfield code="a">AR</subfield>
    </datafield>
    <datafield tag="080" ind1=" " ind2=" ">
      <subfield code="a">CD902(828.8) T147r</subfield>
    </datafield>
    <datafield tag="110" ind1=" " ind2=" ">
      <subfield code="a">Taller de Reflexión sobre Gestión del Sitio Cueva de las Manos (2006 : Río Gallegos).</subfield>
    </datafield>
    <datafield tag="245" ind1=" " ind2=" ">
      <subfield code="a">Cueva de las manos</subfield>
      <subfield code="b"> : patrimonio de la humanidad Santa Cruz - Argentina</subfield>
      <subfield code="c"> / Comité Argentino del Patrimonio Mundial, org. ; Santa Cruz (prov.). Subsecretaria de Cultura. Dirección de Patrimonio Cultural Provincial, org.</subfield>
    </datafield>
    <datafield tag="260" ind1=" " ind2=" ">
      <subfield code="a">Río Gallegos</subfield>
      <subfield code="b"> : Subsecretaría de Cultura de la Provincia de Santa Cruz</subfield>
      <subfield code="c"> , 2006</subfield>
    </datafield>
    <datafield tag="650" ind1=" " ind2=" ">
      <subfield code="a"> ARQUEOLOGIA</subfield>
    </datafield>
    <datafield tag="650" ind1=" " ind2=" ">
      <subfield code="a"> ARTE RUPESTRE</subfield>
    </datafield>
    <datafield tag="650" ind1=" " ind2=" ">
      <subfield code="a"> CUEVA DE LAS MANOS (SANTA CRUZ)</subfield>
    </datafield>
    <datafield tag="942" ind1=" " ind2=" ">
      <subfield code="c">CD</subfield>
    </datafield>
    <datafield tag="952" ind1=" " ind2=" ">
      <subfield code="a">BIB_RECT</subfield>
      <subfield code="b">BIB_UARG</subfield>
      <subfield code="d">2013-04-12</subfield>
      <subfield code="y">CD</subfield>
      <subfield code="p">05-44490</subfield>
      <subfield code="i">05-44490</subfield>
      <subfield code="g">44</subfield>
      <subfield code="o">CD902(828.8) T147r</subfield>
      <subfield code="e">Rectorado</subfield>
      <subfield code="8">MM</subfield>
    </datafield>
  </record>