
  <record>
    <leader>01000aam  22002601a 4500</leader>
    <controlfield tag="001">YPZ97687</controlfield>
    <controlfield tag="003">YPZ</controlfield>
    <controlfield tag="005">201306051018300</controlfield>
    <controlfield tag="008">130605|###########||||||b||||||||||spa|d</controlfield>
    <datafield tag="040" ind1=" " ind2=" ">
      <subfield code="c">SIUNPA</subfield>
    </datafield>
    <datafield tag="041" ind1=" " ind2=" ">
      <subfield code="a">spa</subfield>
    </datafield>
    <datafield tag="044" ind1=" " ind2=" ">
      <subfield code="a">AR</subfield>
    </datafield>
    <datafield tag="080" ind1=" " ind2=" ">
      <subfield code="a">630*2 C737c 2002</subfield>
    </datafield>
    <datafield tag="245" ind1=" " ind2=" ">
      <subfield code="a">Compendio de publicaciones 1993-2002. Área de investigación forestal</subfield>
      <subfield code="c"> / Peri, Pablo Luis, comp.</subfield>
    </datafield>
    <datafield tag="260" ind1=" " ind2=" ">
      <subfield code="a">Río Gallegos</subfield>
      <subfield code="b"> : Universidad Nacional de la Patagonia Austral, UNPA</subfield>
      <subfield code="b"> : EEA Santa Cruz, INTA</subfield>
      <subfield code="c"> , 2003</subfield>
    </datafield>
    <datafield tag="505" ind1=" " ind2=" ">
      <subfield code="a">Contiene: 130 publicaciones organizadas en tres grupos: 1. Bosque Nativo (inventario forestal, silvicultura, modelos biométricos, biodiversidad de los bosques de Nothofagus con énfasis en la Lenga) - 2. Bosque implantados (efecto protector de cortinas cortaviento, efecto de las cortinas cortaviento sobre varios cultivos, modelos de crecimiento, introducción de clones, sistemas silvopastoriles) - 3. Arbustos y cultivos (principalmente ecología y manejo de Berberis)</subfield>
    </datafield>
    <datafield tag="650" ind1=" " ind2=" ">
      <subfield code="a"> RECURSOS FORESTALES  BIODIVERSIDAD</subfield>
    </datafield>
    <datafield tag="650" ind1=" " ind2=" ">
      <subfield code="a"> NOTHOFAGUS PUMILIO </subfield>
    </datafield>
    <datafield tag="650" ind1=" " ind2=" ">
      <subfield code="a"> SILVICULTURA </subfield>
    </datafield>
    <datafield tag="650" ind1=" " ind2=" ">
      <subfield code="a"> BERBERIS</subfield>
    </datafield>
    <datafield tag="650" ind1=" " ind2=" ">
      <subfield code="a"> REGION PATAGONICA </subfield>
    </datafield>
    <datafield tag="650" ind1=" " ind2=" ">
      <subfield code="a"> TIERRA DEL FUEGO (ARGENTINA)</subfield>
    </datafield>
    <datafield tag="650" ind1=" " ind2=" ">
      <subfield code="a"> SANTA CRUZ (ARGENTINA)</subfield>
    </datafield>
    <datafield tag="942" ind1=" " ind2=" ">
      <subfield code="c">CD</subfield>
    </datafield>
    <datafield tag="952" ind1=" " ind2=" ">
      <subfield code="a">BIB_RECT</subfield>
      <subfield code="b">BIB_UARG</subfield>
      <subfield code="d">2013-06-05</subfield>
      <subfield code="y">CD</subfield>
      <subfield code="p">05-17124</subfield>
      <subfield code="i">05-17124</subfield>
      <subfield code="g">64</subfield>
      <subfield code="o">630*2 C737c 2002</subfield>
      <subfield code="e">Donación</subfield>
      <subfield code="8">MM</subfield>
    </datafield>
    <datafield tag="952" ind1=" " ind2=" ">
      <subfield code="a">BIB_RECT</subfield>
      <subfield code="b">BIB_UARG</subfield>
      <subfield code="d">2013-06-05</subfield>
      <subfield code="y">CD</subfield>
      <subfield code="p">05-17125</subfield>
      <subfield code="i">05-17125</subfield>
      <subfield code="g">64</subfield>
      <subfield code="o">630*2 C737c 2002</subfield>
      <subfield code="e">Donación</subfield>
      <subfield code="8">MM</subfield>
    </datafield>
    <datafield tag="952" ind1=" " ind2=" ">
      <subfield code="a">BIB_RECT</subfield>
      <subfield code="b">BIB_UARG</subfield>
      <subfield code="d">2013-06-05</subfield>
      <subfield code="y">CD</subfield>
      <subfield code="p">05-17126</subfield>
      <subfield code="i">05-17126</subfield>
      <subfield code="g">64</subfield>
      <subfield code="o">630*2 C737c 2002</subfield>
      <subfield code="e">Donación</subfield>
      <subfield code="8">MM</subfield>
    </datafield>
    <datafield tag="952" ind1=" " ind2=" ">
      <subfield code="a">BIB_RECT</subfield>
      <subfield code="b">BIB_UARG</subfield>
      <subfield code="d">2013-06-05</subfield>
      <subfield code="y">CD</subfield>
      <subfield code="p">05-17127</subfield>
      <subfield code="i">05-17127</subfield>
      <subfield code="g">64</subfield>
      <subfield code="o">630*2 C737c 2002</subfield>
      <subfield code="e">Donación</subfield>
      <subfield code="8">MM</subfield>
    </datafield>
  </record>