
  <record>
    <leader>01000aam  22002601a 4500</leader>
    <controlfield tag="001">YPZ98299</controlfield>
    <controlfield tag="003">YPZ</controlfield>
    <controlfield tag="005">201311041110080</controlfield>
    <controlfield tag="008">131104|###########||||||b||||||||||spa|d</controlfield>
    <datafield tag="020" ind1=" " ind2=" ">
      <subfield code="a">9789871242863 (CDROM)</subfield>
    </datafield>
    <datafield tag="040" ind1=" " ind2=" ">
      <subfield code="c">SIUNPA</subfield>
    </datafield>
    <datafield tag="041" ind1=" " ind2=" ">
      <subfield code="a">spa</subfield>
    </datafield>
    <datafield tag="044" ind1=" " ind2=" ">
      <subfield code="a">AR</subfield>
    </datafield>
    <datafield tag="080" ind1=" " ind2=" ">
      <subfield code="a">CD364.442.2 E562p 1</subfield>
    </datafield>
    <datafield tag="110" ind1=" " ind2=" ">
      <subfield code="a">Encuentro Patagónico Políticas y Prácticas de enseñanza y aprendizaje en Trabajo Social. Federación Argentina de Unidades Académicas de Trabajo Social, FAUATS. Universidad Nacional de la Patagonia San Juan Bosco (1 : 2013 : Caleta Olivia).</subfield>
    </datafield>
    <datafield tag="245" ind1=" " ind2=" ">
      <subfield code="a">Políticas y prácticas de enseñanza y aprendizaje en trabajo social</subfield>
    </datafield>
    <datafield tag="260" ind1=" " ind2=" ">
      <subfield code="a">Caleta Olivia</subfield>
      <subfield code="b"> : Universidad Nacional de la Patagonia Austral</subfield>
      <subfield code="c"> , 2013</subfield>
    </datafield>
    <datafield tag="500" ind1=" " ind2=" ">
      <subfield code="a">Los ejemplares de la UARG son copias</subfield>
    </datafield>
    <datafield tag="650" ind1=" " ind2=" ">
      <subfield code="a"> TRABAJO SOCIAL</subfield>
    </datafield>
    <datafield tag="650" ind1=" " ind2=" ">
      <subfield code="a"> UNIVERSIDADES </subfield>
    </datafield>
    <datafield tag="650" ind1=" " ind2=" ">
      <subfield code="a"> TRABAJADOR SOCIAL</subfield>
    </datafield>
    <datafield tag="650" ind1=" " ind2=" ">
      <subfield code="a"> FORMACION PROFESIONAL</subfield>
    </datafield>
    <datafield tag="942" ind1=" " ind2=" ">
      <subfield code="c">CD</subfield>
    </datafield>
    <datafield tag="952" ind1=" " ind2=" ">
      <subfield code="a">BIB_RECT</subfield>
      <subfield code="b">BIB_UARG</subfield>
      <subfield code="d">2013-11-04</subfield>
      <subfield code="y">CD</subfield>
      <subfield code="p">05-45752</subfield>
      <subfield code="i">05-45752</subfield>
      <subfield code="g">44</subfield>
      <subfield code="o">CD364.442.2 E562p 1</subfield>
      <subfield code="e">Dpto. Ciencias Sociales UACO</subfield>
      <subfield code="8">MM</subfield>
    </datafield>
    <datafield tag="952" ind1=" " ind2=" ">
      <subfield code="a">BIB_RECT</subfield>
      <subfield code="b">BIB_UARG</subfield>
      <subfield code="d">2013-11-04</subfield>
      <subfield code="y">CD</subfield>
      <subfield code="p">05-45753</subfield>
      <subfield code="i">05-45753</subfield>
      <subfield code="g">44</subfield>
      <subfield code="o">CD364.442.2 E562p 1</subfield>
      <subfield code="e">Dpto. Ciencias Sociales UACO</subfield>
      <subfield code="8">MM</subfield>
    </datafield>
    <datafield tag="952" ind1=" " ind2=" ">
      <subfield code="a">BIB_RECT</subfield>
      <subfield code="b">BIB_UARG</subfield>
      <subfield code="d">2013-11-04</subfield>
      <subfield code="y">CD</subfield>
      <subfield code="p">05-45754</subfield>
      <subfield code="i">05-45754</subfield>
      <subfield code="g">44</subfield>
      <subfield code="o">CD364.442.2 E562p 1</subfield>
      <subfield code="e">Dpto. Ciencias Sociales UACO</subfield>
      <subfield code="8">MM</subfield>
    </datafield>
    <datafield tag="952" ind1=" " ind2=" ">
      <subfield code="a">BIB_RECT</subfield>
      <subfield code="b">BIB_UARG</subfield>
      <subfield code="d">2013-11-04</subfield>
      <subfield code="y">CD</subfield>
      <subfield code="p">05-45755</subfield>
      <subfield code="i">05-45755</subfield>
      <subfield code="g">44</subfield>
      <subfield code="o">CD364.442.2 E562p 1</subfield>
      <subfield code="e">Dpto. Ciencias Sociales UACO</subfield>
      <subfield code="8">MM</subfield>
    </datafield>
    <datafield tag="952" ind1=" " ind2=" ">
      <subfield code="a">BIB_RECT</subfield>
      <subfield code="b">BIB_UARG</subfield>
      <subfield code="d">2013-11-04</subfield>
      <subfield code="y">CD</subfield>
      <subfield code="p">05-45756</subfield>
      <subfield code="i">05-45756</subfield>
      <subfield code="g">44</subfield>
      <subfield code="o">CD364.442.2 E562p 1</subfield>
      <subfield code="e">Dpto. Ciencias Sociales UACO</subfield>
      <subfield code="8">MM</subfield>
    </datafield>
    <datafield tag="952" ind1=" " ind2=" ">
      <subfield code="a">BIB_RECT</subfield>
      <subfield code="b">BIB_UARG</subfield>
      <subfield code="d">2013-11-04</subfield>
      <subfield code="y">CD</subfield>
      <subfield code="p">05-45757</subfield>
      <subfield code="i">05-45757</subfield>
      <subfield code="g">44</subfield>
      <subfield code="o">CD364.442.2 E562p 1</subfield>
      <subfield code="e">Dpto. Ciencias Sociales UACO</subfield>
      <subfield code="8">MM</subfield>
    </datafield>
    <datafield tag="952" ind1=" " ind2=" ">
      <subfield code="a">BIB_RECT</subfield>
      <subfield code="b">BIB_UARG</subfield>
      <subfield code="d">2013-11-04</subfield>
      <subfield code="y">CD</subfield>
      <subfield code="p">05-45758</subfield>
      <subfield code="i">05-45758</subfield>
      <subfield code="g">44</subfield>
      <subfield code="o">CD364.442.2 E562p 1</subfield>
      <subfield code="e">Dpto. Ciencias Sociales UACO</subfield>
      <subfield code="8">MM</subfield>
    </datafield>
    <datafield tag="952" ind1=" " ind2=" ">
      <subfield code="a">BIB_RECT</subfield>
      <subfield code="b">BIB_UARG</subfield>
      <subfield code="d">2013-11-04</subfield>
      <subfield code="y">CD</subfield>
      <subfield code="p">05-45759</subfield>
      <subfield code="i">05-45759</subfield>
      <subfield code="g">44</subfield>
      <subfield code="o">CD364.442.2 E562p 1</subfield>
      <subfield code="e">Dpto. Ciencias Sociales UACO</subfield>
      <subfield code="8">MM</subfield>
    </datafield>
    <datafield tag="952" ind1=" " ind2=" ">
      <subfield code="a">BIB_RECT</subfield>
      <subfield code="b">BIB_UARG</subfield>
      <subfield code="d">2013-11-04</subfield>
      <subfield code="y">CD</subfield>
      <subfield code="p">05-45760</subfield>
      <subfield code="i">05-45760</subfield>
      <subfield code="g">44</subfield>
      <subfield code="o">CD364.442.2 E562p 1</subfield>
      <subfield code="e">Dpto. Ciencias Sociales UACO</subfield>
      <subfield code="8">MM</subfield>
    </datafield>
    <datafield tag="952" ind1=" " ind2=" ">
      <subfield code="a">BIB_RECT</subfield>
      <subfield code="b">BIB_UARG</subfield>
      <subfield code="d">2013-11-04</subfield>
      <subfield code="y">CD</subfield>
      <subfield code="p">05-45761</subfield>
      <subfield code="i">05-45761</subfield>
      <subfield code="g">44</subfield>
      <subfield code="o">CD364.442.2 E562p 1</subfield>
      <subfield code="e">Dpto. Ciencias Sociales UACO</subfield>
      <subfield code="8">MM</subfield>
    </datafield>
    <datafield tag="952" ind1=" " ind2=" ">
      <subfield code="a">BIB_RECT</subfield>
      <subfield code="b">BIB_UARG</subfield>
      <subfield code="d">2013-11-04</subfield>
      <subfield code="y">CD</subfield>
      <subfield code="p">05-45762</subfield>
      <subfield code="i">05-45762</subfield>
      <subfield code="g">44</subfield>
      <subfield code="o">CD364.442.2 E562p 1</subfield>
      <subfield code="e">Dpto. Ciencias Sociales UACO</subfield>
      <subfield code="8">MM</subfield>
    </datafield>
    <datafield tag="952" ind1=" " ind2=" ">
      <subfield code="a">BIB_RECT</subfield>
      <subfield code="b">BIB_UARG</subfield>
      <subfield code="d">2013-11-04</subfield>
      <subfield code="y">CD</subfield>
      <subfield code="p">05-45763</subfield>
      <subfield code="i">05-45763</subfield>
      <subfield code="g">44</subfield>
      <subfield code="o">CD364.442.2 E562p 1</subfield>
      <subfield code="e">Dpto. Ciencias Sociales UACO</subfield>
      <subfield code="8">MM</subfield>
    </datafield>
    <datafield tag="952" ind1=" " ind2=" ">
      <subfield code="a">BIB_RECT</subfield>
      <subfield code="b">BIB_UARG</subfield>
      <subfield code="d">2013-11-04</subfield>
      <subfield code="y">CD</subfield>
      <subfield code="p">05-45764</subfield>
      <subfield code="i">05-45764</subfield>
      <subfield code="g">44</subfield>
      <subfield code="o">CD364.442.2 E562p 1</subfield>
      <subfield code="e">Dpto. Ciencias Sociales UACO</subfield>
      <subfield code="8">MM</subfield>
    </datafield>
    <datafield tag="952" ind1=" " ind2=" ">
      <subfield code="a">BIB_RECT</subfield>
      <subfield code="b">BIB_UARG</subfield>
      <subfield code="d">2013-11-04</subfield>
      <subfield code="y">CD</subfield>
      <subfield code="p">05-45765</subfield>
      <subfield code="i">05-45765</subfield>
      <subfield code="g">44</subfield>
      <subfield code="o">CD364.442.2 E562p 1</subfield>
      <subfield code="e">Dpto. Ciencias Sociales UACO</subfield>
      <subfield code="8">MM</subfield>
    </datafield>
    <datafield tag="952" ind1=" " ind2=" ">
      <subfield code="a">BIB_RECT</subfield>
      <subfield code="b">BIB_UARG</subfield>
      <subfield code="d">2013-11-04</subfield>
      <subfield code="y">CD</subfield>
      <subfield code="p">05-45766</subfield>
      <subfield code="i">05-45766</subfield>
      <subfield code="g">44</subfield>
      <subfield code="o">CD364.442.2 E562p 1</subfield>
      <subfield code="e">Dpto. Ciencias Sociales UACO</subfield>
      <subfield code="8">MM</subfield>
    </datafield>
  </record>