
  <record>
    <leader>01000aam  22002601a 4500</leader>
    <controlfield tag="001">YPZ98304</controlfield>
    <controlfield tag="003">YPZ</controlfield>
    <controlfield tag="005">201311081733590</controlfield>
    <controlfield tag="008">131108|###########||||||b||||||||||spa|d</controlfield>
    <datafield tag="040" ind1=" " ind2=" ">
      <subfield code="c">SIUNPA</subfield>
    </datafield>
    <datafield tag="041" ind1=" " ind2=" ">
      <subfield code="a">spa</subfield>
    </datafield>
    <datafield tag="044" ind1=" " ind2=" ">
      <subfield code="a">AR</subfield>
    </datafield>
    <datafield tag="080" ind1=" " ind2=" ">
      <subfield code="a">CD821.134.2(82)</subfield>
    </datafield>
    <datafield tag="110" ind1=" " ind2=" ">
      <subfield code="a">Jornadas de Letras (7 : 2012 : Río Gallegos).</subfield>
    </datafield>
    <datafield tag="710" ind1=" " ind2=" ">
      <subfield code="a">Carrera de letras UNPA-UARG, org..</subfield>
    </datafield>
    <datafield tag="245" ind1=" " ind2=" ">
      <subfield code="a">Son las palabras las que cantan impugnando el silencio</subfield>
    </datafield>
    <datafield tag="260" ind1=" " ind2=" ">
      <subfield code="a">Río Gallegos</subfield>
      <subfield code="b"> : Unidad Académica Río Gallegos, UNPA</subfield>
      <subfield code="c"> , 2012</subfield>
    </datafield>
    <datafield tag="650" ind1=" " ind2=" ">
      <subfield code="a"> LITERATURA ARGENTINA</subfield>
    </datafield>
    <datafield tag="650" ind1=" " ind2=" ">
      <subfield code="a"> CRITICA LITERARIA</subfield>
    </datafield>
    <datafield tag="942" ind1=" " ind2=" ">
      <subfield code="c">CD</subfield>
    </datafield>
    <datafield tag="952" ind1=" " ind2=" ">
      <subfield code="a">BIB_RECT</subfield>
      <subfield code="b">BIB_UACO</subfield>
      <subfield code="d">2013-11-11</subfield>
      <subfield code="y">CD</subfield>
      <subfield code="p">02-45789</subfield>
      <subfield code="i">02-45789</subfield>
      <subfield code="g">50</subfield>
      <subfield code="o">CD821.134.2(82)</subfield>
      <subfield code="e">Donación</subfield>
      <subfield code="8">MM</subfield>
    </datafield>
    <datafield tag="952" ind1=" " ind2=" ">
      <subfield code="a">BIB_RECT</subfield>
      <subfield code="b">BIB_UACO</subfield>
      <subfield code="d">2013-11-11</subfield>
      <subfield code="y">CD</subfield>
      <subfield code="p">02-45790</subfield>
      <subfield code="i">02-45790</subfield>
      <subfield code="g">50</subfield>
      <subfield code="o">CD821.134.2(82)</subfield>
      <subfield code="e">Donación</subfield>
      <subfield code="8">MM</subfield>
    </datafield>
    <datafield tag="952" ind1=" " ind2=" ">
      <subfield code="a">BIB_RECT</subfield>
      <subfield code="b">BIB_UART</subfield>
      <subfield code="d">2013-11-11</subfield>
      <subfield code="y">CD</subfield>
      <subfield code="p">03-45791</subfield>
      <subfield code="i">03-45791</subfield>
      <subfield code="g">50</subfield>
      <subfield code="o">CD821.134.2(82)</subfield>
      <subfield code="e">Donación</subfield>
      <subfield code="8">MM</subfield>
    </datafield>
    <datafield tag="952" ind1=" " ind2=" ">
      <subfield code="a">BIB_RECT</subfield>
      <subfield code="b">BIB_UARG</subfield>
      <subfield code="d">2013-11-11</subfield>
      <subfield code="y">CD</subfield>
      <subfield code="p">03-45792</subfield>
      <subfield code="i">03-45792</subfield>
      <subfield code="g">50</subfield>
      <subfield code="o">CD821.134.2(82)</subfield>
      <subfield code="e">Donación</subfield>
      <subfield code="8">MM</subfield>
    </datafield>
    <datafield tag="952" ind1=" " ind2=" ">
      <subfield code="a">BIB_RECT</subfield>
      <subfield code="b">BIB_UASJ</subfield>
      <subfield code="d">2013-11-11</subfield>
      <subfield code="y">CD</subfield>
      <subfield code="p">04-45793</subfield>
      <subfield code="i">04-45793</subfield>
      <subfield code="g">50</subfield>
      <subfield code="o">CD821.134.2(82)</subfield>
      <subfield code="e">Donación</subfield>
      <subfield code="8">MM</subfield>
    </datafield>
    <datafield tag="952" ind1=" " ind2=" ">
      <subfield code="a">BIB_RECT</subfield>
      <subfield code="b">BIB_UASJ</subfield>
      <subfield code="d">2013-11-11</subfield>
      <subfield code="y">CD</subfield>
      <subfield code="p">04-45794</subfield>
      <subfield code="i">04-45794</subfield>
      <subfield code="g">50</subfield>
      <subfield code="o">CD821.134.2(82)</subfield>
      <subfield code="e">Donación</subfield>
      <subfield code="8">MM</subfield>
    </datafield>
    <datafield tag="952" ind1=" " ind2=" ">
      <subfield code="a">BIB_RECT</subfield>
      <subfield code="b">BIB_UARG</subfield>
      <subfield code="d">2013-11-06</subfield>
      <subfield code="y">CD</subfield>
      <subfield code="p">05-45780</subfield>
      <subfield code="i">05-45780</subfield>
      <subfield code="g">50</subfield>
      <subfield code="o">CD821.134.2(82)</subfield>
      <subfield code="e">Donación</subfield>
      <subfield code="8">MM</subfield>
    </datafield>
    <datafield tag="952" ind1=" " ind2=" ">
      <subfield code="a">BIB_RECT</subfield>
      <subfield code="b">BIB_UARG</subfield>
      <subfield code="d">2013-11-06</subfield>
      <subfield code="y">CD</subfield>
      <subfield code="p">05-45781</subfield>
      <subfield code="i">05-45781</subfield>
      <subfield code="g">50</subfield>
      <subfield code="o">CD821.134.2(82)</subfield>
      <subfield code="e">Donación</subfield>
      <subfield code="8">MM</subfield>
    </datafield>
    <datafield tag="952" ind1=" " ind2=" ">
      <subfield code="a">BIB_RECT</subfield>
      <subfield code="b">BIB_UARG</subfield>
      <subfield code="d">2013-11-06</subfield>
      <subfield code="y">CD</subfield>
      <subfield code="p">05-45782</subfield>
      <subfield code="i">05-45782</subfield>
      <subfield code="g">50</subfield>
      <subfield code="o">CD821.134.2(82)</subfield>
      <subfield code="e">Donación</subfield>
      <subfield code="8">MM</subfield>
    </datafield>
    <datafield tag="952" ind1=" " ind2=" ">
      <subfield code="a">BIB_RECT</subfield>
      <subfield code="b">BIB_UARG</subfield>
      <subfield code="d">2013-11-06</subfield>
      <subfield code="y">CD</subfield>
      <subfield code="p">05-45783</subfield>
      <subfield code="i">05-45783</subfield>
      <subfield code="g">50</subfield>
      <subfield code="o">CD821.134.2(82)</subfield>
      <subfield code="e">Donación</subfield>
      <subfield code="8">MM</subfield>
    </datafield>
    <datafield tag="952" ind1=" " ind2=" ">
      <subfield code="a">BIB_RECT</subfield>
      <subfield code="b">BIB_UARG</subfield>
      <subfield code="d">2013-11-06</subfield>
      <subfield code="y">CD</subfield>
      <subfield code="p">05-45784</subfield>
      <subfield code="i">05-45784</subfield>
      <subfield code="g">50</subfield>
      <subfield code="o">CD821.134.2(82)</subfield>
      <subfield code="e">Donación</subfield>
      <subfield code="8">MM</subfield>
    </datafield>
    <datafield tag="952" ind1=" " ind2=" ">
      <subfield code="a">BIB_RECT</subfield>
      <subfield code="b">BIB_UARG</subfield>
      <subfield code="d">2013-11-06</subfield>
      <subfield code="y">CD</subfield>
      <subfield code="p">05-45785</subfield>
      <subfield code="i">05-45785</subfield>
      <subfield code="g">50</subfield>
      <subfield code="o">CD821.134.2(82)</subfield>
      <subfield code="e">Donación</subfield>
      <subfield code="8">MM</subfield>
    </datafield>
    <datafield tag="952" ind1=" " ind2=" ">
      <subfield code="a">BIB_RECT</subfield>
      <subfield code="b">BIB_UARG</subfield>
      <subfield code="d">2013-11-06</subfield>
      <subfield code="y">CD</subfield>
      <subfield code="p">05-45786</subfield>
      <subfield code="i">05-45786</subfield>
      <subfield code="g">50</subfield>
      <subfield code="o">CD821.134.2(82)</subfield>
      <subfield code="e">Donación</subfield>
      <subfield code="8">MM</subfield>
    </datafield>
    <datafield tag="952" ind1=" " ind2=" ">
      <subfield code="a">BIB_RECT</subfield>
      <subfield code="b">BIB_UARG</subfield>
      <subfield code="d">2013-11-06</subfield>
      <subfield code="y">CD</subfield>
      <subfield code="p">05-45787</subfield>
      <subfield code="i">05-45787</subfield>
      <subfield code="g">50</subfield>
      <subfield code="o">CD821.134.2(82)</subfield>
      <subfield code="e">Donación</subfield>
      <subfield code="8">MM</subfield>
    </datafield>
    <datafield tag="952" ind1=" " ind2=" ">
      <subfield code="a">BIB_RECT</subfield>
      <subfield code="b">BIB_UARG</subfield>
      <subfield code="d">2013-11-06</subfield>
      <subfield code="y">CD</subfield>
      <subfield code="p">05-45788</subfield>
      <subfield code="i">05-45788</subfield>
      <subfield code="g">50</subfield>
      <subfield code="o">CD821.134.2(82)</subfield>
      <subfield code="e">Donación</subfield>
      <subfield code="8">MM</subfield>
    </datafield>
  </record>