
  <record>
    <leader>01000aam  22002601a 4500</leader>
    <controlfield tag="001">YPZ98309</controlfield>
    <controlfield tag="003">YPZ</controlfield>
    <controlfield tag="005">201311121012560</controlfield>
    <controlfield tag="008">131112|###########||||||b||||||||||spa|d</controlfield>
    <datafield tag="040" ind1=" " ind2=" ">
      <subfield code="c">SIUNPA</subfield>
    </datafield>
    <datafield tag="041" ind1=" " ind2=" ">
      <subfield code="a">eng</subfield>
    </datafield>
    <datafield tag="044" ind1=" " ind2=" ">
      <subfield code="a">AR</subfield>
    </datafield>
    <datafield tag="080" ind1=" " ind2=" ">
      <subfield code="a">CD639.2 C749a 36</subfield>
    </datafield>
    <datafield tag="110" ind1=" " ind2=" ">
      <subfield code="a">Netting Knowledge. IAMSLIC Annual Conference (36 : Mar del Plata : 2010). Latin American Regional Group Meeting (2: Mar del Plata : 2010).</subfield>
    </datafield>
    <datafield tag="245" ind1=" " ind2=" ">
      <subfield code="a">Netting knowledge</subfield>
      <subfield code="b"> : two hemispheres - one world. Proceedings of the 36th IAMSLIC Annual Conference</subfield>
    </datafield>
    <datafield tag="260" ind1=" " ind2=" ">
      <subfield code="a">Mar del Plata</subfield>
      <subfield code="b"> : Instituto Nacional de Investigacion y Desarrollo Pesquero, INIDEP</subfield>
      <subfield code="b"> : IAMSLIC, International Association of Aquatic and Marine Science Libraries and Information Centers</subfield>
      <subfield code="c"> , 2010</subfield>
    </datafield>
    <datafield tag="650" ind1=" " ind2=" ">
      <subfield code="a"> PESCA</subfield>
    </datafield>
    <datafield tag="650" ind1=" " ind2=" ">
      <subfield code="a"> RECURSOS PESQUEROS</subfield>
    </datafield>
    <datafield tag="942" ind1=" " ind2=" ">
      <subfield code="c">CD</subfield>
    </datafield>
    <datafield tag="952" ind1=" " ind2=" ">
      <subfield code="a">BIB_RECT</subfield>
      <subfield code="b">BIB_UARG</subfield>
      <subfield code="d">2013-11-12</subfield>
      <subfield code="y">CD</subfield>
      <subfield code="p">05-45799</subfield>
      <subfield code="i">05-45799</subfield>
      <subfield code="g">50</subfield>
      <subfield code="o">CD639.2 C749a 36</subfield>
      <subfield code="e">Donación</subfield>
      <subfield code="8">MM</subfield>
    </datafield>
  </record>