
  <record>
    <leader>01000aam  22002601a 4500</leader>
    <controlfield tag="001">YPZ98483</controlfield>
    <controlfield tag="003">YPZ</controlfield>
    <controlfield tag="005">201404080950260</controlfield>
    <controlfield tag="008">140408|###########||||||b||||||||||spa|d</controlfield>
    <datafield tag="020" ind1=" " ind2=" ">
      <subfield code="a">9789871242955</subfield>
    </datafield>
    <datafield tag="040" ind1=" " ind2=" ">
      <subfield code="c">SIUNPA</subfield>
    </datafield>
    <datafield tag="041" ind1=" " ind2=" ">
      <subfield code="a">spa</subfield>
    </datafield>
    <datafield tag="044" ind1=" " ind2=" ">
      <subfield code="a">AR</subfield>
    </datafield>
    <datafield tag="080" ind1=" " ind2=" ">
      <subfield code="a">CD338.48:574</subfield>
    </datafield>
    <datafield tag="110" ind1=" " ind2=" ">
      <subfield code="a">Jornadas de Turismo 'Turismo y recursos naturales' (5 : 2013 : Río Gallegos).</subfield>
    </datafield>
    <datafield tag="245" ind1=" " ind2=" ">
      <subfield code="a">Turismo y recursos naturales</subfield>
      <subfield code="b"> : los recursos naturales como base del desarrollo turístico local, importancia de la conservación y la gestión para la sustentabilidad</subfield>
      <subfield code="c"> / Navarro, Viviana, comp. ; Ferrari, Silvia, comp.</subfield>
    </datafield>
    <datafield tag="260" ind1=" " ind2=" ">
      <subfield code="a">Río Gallegos</subfield>
      <subfield code="b"> : Universidad Nacional de la Patagonia Austral, UNPA</subfield>
      <subfield code="c"> , 2014</subfield>
    </datafield>
    <datafield tag="650" ind1=" " ind2=" ">
      <subfield code="a"> TURISMO</subfield>
    </datafield>
    <datafield tag="650" ind1=" " ind2=" ">
      <subfield code="a"> TURISMO ECOLOGICO</subfield>
    </datafield>
    <datafield tag="650" ind1=" " ind2=" ">
      <subfield code="a"> CONSERVACION DE LOS RECURSOS NATURALES</subfield>
    </datafield>
    <datafield tag="942" ind1=" " ind2=" ">
      <subfield code="c">CD</subfield>
    </datafield>
    <datafield tag="952" ind1=" " ind2=" ">
      <subfield code="a">BIB_RECT</subfield>
      <subfield code="b">BIB_UACO</subfield>
      <subfield code="d">2014-04-04</subfield>
      <subfield code="y">CD</subfield>
      <subfield code="p">02-46099</subfield>
      <subfield code="i">02-46099</subfield>
      <subfield code="g">89</subfield>
      <subfield code="o">CD338.48:574</subfield>
      <subfield code="e">Dir. Programa de Formación de GradoyTur.</subfield>
      <subfield code="8">MM</subfield>
    </datafield>
    <datafield tag="952" ind1=" " ind2=" ">
      <subfield code="a">BIB_RECT</subfield>
      <subfield code="b">BIB_UART</subfield>
      <subfield code="d">2014-04-04</subfield>
      <subfield code="y">CD</subfield>
      <subfield code="p">03-46097</subfield>
      <subfield code="i">03-46097</subfield>
      <subfield code="g">89</subfield>
      <subfield code="o">CD338.48:574</subfield>
      <subfield code="e">Dir. Programa de Formación de GradoyTur.</subfield>
      <subfield code="8">MM</subfield>
    </datafield>
    <datafield tag="952" ind1=" " ind2=" ">
      <subfield code="a">BIB_RECT</subfield>
      <subfield code="b">BIB_UART</subfield>
      <subfield code="d">2014-04-04</subfield>
      <subfield code="y">CD</subfield>
      <subfield code="p">03-46098</subfield>
      <subfield code="i">03-46098</subfield>
      <subfield code="g">89</subfield>
      <subfield code="o">CD338.48:574</subfield>
      <subfield code="e">Dir. Programa de Formación de GradoyTur.</subfield>
      <subfield code="8">MM</subfield>
    </datafield>
    <datafield tag="952" ind1=" " ind2=" ">
      <subfield code="a">BIB_RECT</subfield>
      <subfield code="b">BIB_UASJ</subfield>
      <subfield code="d">2014-04-04</subfield>
      <subfield code="y">CD</subfield>
      <subfield code="p">04-46093</subfield>
      <subfield code="i">04-46093</subfield>
      <subfield code="g">89</subfield>
      <subfield code="o">CD338.48:574</subfield>
      <subfield code="e">Dir. Programa de Formación de GradoyTur.</subfield>
      <subfield code="8">MM</subfield>
    </datafield>
    <datafield tag="952" ind1=" " ind2=" ">
      <subfield code="a">BIB_RECT</subfield>
      <subfield code="b">BIB_UASJ</subfield>
      <subfield code="d">2014-04-04</subfield>
      <subfield code="y">CD</subfield>
      <subfield code="p">04-46094</subfield>
      <subfield code="i">04-46094</subfield>
      <subfield code="g">89</subfield>
      <subfield code="o">CD338.48:574</subfield>
      <subfield code="e">Dir. Programa de Formación de GradoyTur.</subfield>
      <subfield code="8">MM</subfield>
    </datafield>
    <datafield tag="952" ind1=" " ind2=" ">
      <subfield code="a">BIB_RECT</subfield>
      <subfield code="b">BIB_UARG</subfield>
      <subfield code="d">2014-04-04</subfield>
      <subfield code="y">CD</subfield>
      <subfield code="p">05-46095</subfield>
      <subfield code="i">05-46095</subfield>
      <subfield code="g">89</subfield>
      <subfield code="o">CD338.48:574</subfield>
      <subfield code="e">Dir. Programa de Formación de GradoyTur.</subfield>
      <subfield code="8">MM</subfield>
    </datafield>
    <datafield tag="952" ind1=" " ind2=" ">
      <subfield code="a">BIB_RECT</subfield>
      <subfield code="b">BIB_UARG</subfield>
      <subfield code="d">2014-04-04</subfield>
      <subfield code="y">CD</subfield>
      <subfield code="p">05-46096</subfield>
      <subfield code="i">05-46096</subfield>
      <subfield code="g">89</subfield>
      <subfield code="o">CD338.48:574</subfield>
      <subfield code="e">Dir. Programa de Formación de GradoyTur.</subfield>
      <subfield code="8">MM</subfield>
    </datafield>
    <datafield tag="952" ind1=" " ind2=" ">
      <subfield code="a">BIB_RECT</subfield>
      <subfield code="b">SAT_TRUN</subfield>
      <subfield code="d">2014-04-08</subfield>
      <subfield code="y">CD</subfield>
      <subfield code="p">10-46104</subfield>
      <subfield code="i">10-46104</subfield>
      <subfield code="g">89</subfield>
      <subfield code="o">CD338.48:574</subfield>
      <subfield code="e">Dir. Programa de Formación de GradoyTur.</subfield>
      <subfield code="8">MM</subfield>
    </datafield>
    <datafield tag="952" ind1=" " ind2=" ">
      <subfield code="a">BIB_RECT</subfield>
      <subfield code="b">SAT_PBNA</subfield>
      <subfield code="d">2014-04-08</subfield>
      <subfield code="y">CD</subfield>
      <subfield code="p">11-46102</subfield>
      <subfield code="i">11-46102</subfield>
      <subfield code="g">89</subfield>
      <subfield code="o">CD338.48:574</subfield>
      <subfield code="e">Dir. Programa de Formación de GradoyTur.</subfield>
      <subfield code="8">MM</subfield>
    </datafield>
    <datafield tag="952" ind1=" " ind2=" ">
      <subfield code="a">BIB_RECT</subfield>
      <subfield code="b">SAT_CLFT</subfield>
      <subfield code="d">2014-04-04</subfield>
      <subfield code="y">CD</subfield>
      <subfield code="p">12-46100</subfield>
      <subfield code="i">12-46100</subfield>
      <subfield code="g">89</subfield>
      <subfield code="o">CD338.48:574</subfield>
      <subfield code="e">Dir. Programa de Formación de GradoyTur.</subfield>
      <subfield code="8">MM</subfield>
    </datafield>
    <datafield tag="952" ind1=" " ind2=" ">
      <subfield code="a">BIB_RECT</subfield>
      <subfield code="b">SAT_PMDN </subfield>
      <subfield code="d">2014-04-08</subfield>
      <subfield code="y">CD</subfield>
      <subfield code="p">15-46103</subfield>
      <subfield code="i">15-46103</subfield>
      <subfield code="g">89</subfield>
      <subfield code="o">CD338.48:574</subfield>
      <subfield code="e">Dir. Programa de Formación de GradoyTur.</subfield>
      <subfield code="8">MM</subfield>
    </datafield>
    <datafield tag="952" ind1=" " ind2=" ">
      <subfield code="a">BIB_RECT</subfield>
      <subfield code="b">SAT_PDES</subfield>
      <subfield code="d">2014-04-08</subfield>
      <subfield code="y">CD</subfield>
      <subfield code="p">16-46105</subfield>
      <subfield code="i">16-46105</subfield>
      <subfield code="g">89</subfield>
      <subfield code="o">CD338.48:574</subfield>
      <subfield code="e">Dir. Programa de Formación de GradoyTur.</subfield>
      <subfield code="8">MM</subfield>
    </datafield>
    <datafield tag="952" ind1=" " ind2=" ">
      <subfield code="a">BIB_RECT</subfield>
      <subfield code="b">SAT_RGRA</subfield>
      <subfield code="d">2014-04-08</subfield>
      <subfield code="y">CD</subfield>
      <subfield code="p">17-46107</subfield>
      <subfield code="i">17-46107</subfield>
      <subfield code="g">89</subfield>
      <subfield code="o">CD338.48:574</subfield>
      <subfield code="e">Dir. Programa de Formación de GradoyTur.</subfield>
      <subfield code="8">MM</subfield>
    </datafield>
    <datafield tag="952" ind1=" " ind2=" ">
      <subfield code="a">BIB_RECT</subfield>
      <subfield code="b">SAT_GREG</subfield>
      <subfield code="d">2014-04-08</subfield>
      <subfield code="y">CD</subfield>
      <subfield code="p">18-46106</subfield>
      <subfield code="i">18-46106</subfield>
      <subfield code="g">89</subfield>
      <subfield code="o">CD338.48:574</subfield>
      <subfield code="e">Dir. Programa de Formación de GradoyTur.</subfield>
      <subfield code="8">MM</subfield>
    </datafield>
    <datafield tag="952" ind1=" " ind2=" ">
      <subfield code="a">BIB_RECT</subfield>
      <subfield code="b">SAT_USHU</subfield>
      <subfield code="d">2014-04-04</subfield>
      <subfield code="y">CD</subfield>
      <subfield code="p">19-46101</subfield>
      <subfield code="i">19-46101</subfield>
      <subfield code="g">89</subfield>
      <subfield code="o">CD338.48:574</subfield>
      <subfield code="e">Dir. Programa de Formación de GradoyTur.</subfield>
      <subfield code="8">MM</subfield>
    </datafield>
  </record>