
  <record>
    <leader>01000aam  22002601a 4500</leader>
    <controlfield tag="001">YPZ99058</controlfield>
    <controlfield tag="003">YPZ</controlfield>
    <controlfield tag="005">201410031612310</controlfield>
    <controlfield tag="008">141003|###########||||||b||||||||||spa|d</controlfield>
    <datafield tag="040" ind1=" " ind2=" ">
      <subfield code="c">SIUNPA</subfield>
    </datafield>
    <datafield tag="041" ind1=" " ind2=" ">
      <subfield code="a">eng</subfield>
    </datafield>
    <datafield tag="044" ind1=" " ind2=" ">
      <subfield code="a">AR</subfield>
    </datafield>
    <datafield tag="080" ind1=" " ind2=" ">
      <subfield code="a">CD633.2 F385m</subfield>
    </datafield>
    <datafield tag="100" ind1=" " ind2=" ">
      <subfield code="a">Ferrer, José.</subfield>
    </datafield>
    <datafield tag="700" ind1=" " ind2=" ">
      <subfield code="a">Mazzoni, Elizabeth.</subfield>
    </datafield>
    <datafield tag="245" ind1=" " ind2=" ">
      <subfield code="a">Mallines del oeste neuquino</subfield>
    </datafield>
    <datafield tag="260" ind1=" " ind2=" ">
      <subfield code="a">Buenos Aires</subfield>
      <subfield code="b"> : Asociación Argentina Ciencia del Suelo, AACS</subfield>
      <subfield code="b"> : Universidad Nacional de la Patagonia Austral, UNPA</subfield>
      <subfield code="c"> , 2014</subfield>
    </datafield>
    <datafield tag="300" ind1=" " ind2=" ">
      <subfield code="a">1 CD-ROM : </subfield>
      <subfield code="b">il. ; </subfield>
      <subfield code="a">1 CD-ROM : </subfield>
      <subfield code="a">1 CD-ROM : </subfield>
      <subfield code="b">il. ; </subfield>
      <subfield code="a">1 CD-ROM : </subfield>
      <subfield code="b">il. ; </subfield>
      <subfield code="a">1 CD-ROM : </subfield>
      <subfield code="b">il. ; </subfield>
      <subfield code="a">1 CD-ROM : </subfield>
      <subfield code="b">il. ; </subfield>
      <subfield code="a">1 CD-ROM : </subfield>
      <subfield code="b">il. ; </subfield>
      <subfield code="a">1 CD-ROM : </subfield>
      <subfield code="b">il. ; </subfield>
      <subfield code="a">1 CD-ROM : </subfield>
      <subfield code="b">il. ; </subfield>
      <subfield code="a">1 CD-ROM : </subfield>
      <subfield code="b">il. ; </subfield>
      <subfield code="a">1 CD-ROM : </subfield>
      <subfield code="b">il. ; </subfield>
      <subfield code="a">1 CD-ROM : </subfield>
      <subfield code="a">1 CD-ROM : </subfield>
      <subfield code="a">1 CD-ROM : </subfield>
      <subfield code="a">1 CD-ROM : </subfield>
      <subfield code="b">il. ; </subfield>
      <subfield code="a">1 CD-ROM : </subfield>
      <subfield code="b">il. ; </subfield>
      <subfield code="a">1 CD-ROM : </subfield>
      <subfield code="a">1 CD-ROM : </subfield>
      <subfield code="a">1 CD-ROM : </subfield>
      <subfield code="a">1 CD-ROM : </subfield>
      <subfield code="a">1 CD-ROM : </subfield>
      <subfield code="a">1 CD-ROM : </subfield>
      <subfield code="b">il. ; </subfield>
      <subfield code="a">1 CD-ROM : </subfield>
      <subfield code="a">1 CD-ROM : </subfield>
      <subfield code="a">1 CD-ROM : </subfield>
      <subfield code="a">1 CD-ROM : </subfield>
      <subfield code="b">il. ; </subfield>
      <subfield code="e">1 documento en  pdf (89 p.)</subfield>
    </datafield>
    <datafield tag="505" ind1=" " ind2=" ">
      <subfield code="a">Edición digital</subfield>
    </datafield>
    <datafield tag="505" ind1=" " ind2=" ">
      <subfield code="a">Contiene: 23 cartas elaboradas a escala 1:100.000 en las que se presenta la localización de los mallines y área factibles de ser irrigadas, con pendiente inferior al 8 %</subfield>
    </datafield>
    <datafield tag="650" ind1=" " ind2=" ">
      <subfield code="a"> MALLINES</subfield>
    </datafield>
    <datafield tag="650" ind1=" " ind2=" ">
      <subfield code="a"> PASTIZAL NATURAL</subfield>
    </datafield>
    <datafield tag="650" ind1=" " ind2=" ">
      <subfield code="a"> NEUQUEN (ARGENTINA)</subfield>
    </datafield>
    <datafield tag="942" ind1=" " ind2=" ">
      <subfield code="c">CD</subfield>
    </datafield>
    <datafield tag="952" ind1=" " ind2=" ">
      <subfield code="a">BIB_RECT</subfield>
      <subfield code="b">BIB_UARG</subfield>
      <subfield code="d">2014-10-02</subfield>
      <subfield code="y">CD</subfield>
      <subfield code="p">05-46689</subfield>
      <subfield code="i">05-46689</subfield>
      <subfield code="g">100</subfield>
      <subfield code="o">CD633.2 F385m</subfield>
      <subfield code="e">Don. Mazzoni, Elizabeth</subfield>
      <subfield code="8">MM</subfield>
    </datafield>
  </record>