
  <record>
    <leader>01000aam  22002601a 4500</leader>
    <controlfield tag="001">YPZ100111</controlfield>
    <controlfield tag="003">YPZ</controlfield>
    <controlfield tag="005">201605301152260</controlfield>
    <controlfield tag="008">160530|###########||||||b||||||||||spa|d</controlfield>
    <datafield tag="040" ind1=" " ind2=" ">
      <subfield code="c">SIUNPA</subfield>
    </datafield>
    <datafield tag="041" ind1=" " ind2=" ">
      <subfield code="a">spa</subfield>
    </datafield>
    <datafield tag="044" ind1=" " ind2=" ">
      <subfield code="a">AR</subfield>
    </datafield>
    <datafield tag="080" ind1=" " ind2=" ">
      <subfield code="a">CD78 M183v</subfield>
    </datafield>
    <datafield tag="100" ind1=" " ind2=" ">
      <subfield code="a">Madrid, Gustavo, mús..</subfield>
    </datafield>
    <datafield tag="245" ind1=" " ind2=" ">
      <subfield code="a">La vida no les sonríe</subfield>
    </datafield>
    <datafield tag="260" ind1=" " ind2=" ">
      <subfield code="a">Rosario</subfield>
      <subfield code="b"> : Mad Ride Records</subfield>
      <subfield code="c"> , 2011</subfield>
    </datafield>
    <datafield tag="500" ind1=" " ind2=" ">
      <subfield code="a">Banda: Mutantes melancólicos</subfield>
    </datafield>
    <datafield tag="500" ind1=" " ind2=" ">
      <subfield code="a">Compuesto, interpretado, programado, grabado en agosto de 1993 y agosto de 1994 en El Quinto por Gustavo Madrid con la colaboración de Leo Kaplan, trompeta (3, 9, 12, 14) y guitarra (9, 14), Martín Pavone, guitarra wah wah (3, 6), Florencia Lestani, violín (2), Jorge Almejún, Gustavo Guaglianone, saxo oculto (10) – Estas grabaciones fueron procesadas digitalmente entre los meses de mayo y junio de 2010 en EL Rosario – La edición en cassette de 1994 no incluía las canciones (10, 11, 12, 13, 14 y 15)</subfield>
    </datafield>
    <datafield tag="505" ind1=" " ind2=" ">
      <subfield code="a">Contiene: 01. Una fiesta de negros - 02. Pantano radiactivo – 03. Hombres biodegradables – 04. Un día más, un año más – 05. Rambler – 06. Teme por tu vida – 07. Confíen en mí – 08. Nunca podrás ser tú mismo - 09. Tú no tiraste el veneno al río – 10. Habla de tí mismo – 11. Demasiado joven – 12. Termina la agonía - 13. El diablo viste de verde y usa moño rosa – 14. ¿Por qué lo hicieron? – 15. Odio ese sucio color</subfield>
    </datafield>
    <datafield tag="650" ind1=" " ind2=" ">
      <subfield code="a"> MUSICA</subfield>
    </datafield>
    <datafield tag="942" ind1=" " ind2=" ">
      <subfield code="c">CD</subfield>
    </datafield>
    <datafield tag="952" ind1=" " ind2=" ">
      <subfield code="a">BIB_RECT</subfield>
      <subfield code="b">BIB_UACO</subfield>
      <subfield code="d">2016-05-30</subfield>
      <subfield code="y">CD</subfield>
      <subfield code="p">02-48025</subfield>
      <subfield code="i">02-48025</subfield>
      <subfield code="g">100</subfield>
      <subfield code="o">CD78 M183v</subfield>
      <subfield code="e">Don. Alumna Pérez, Diana</subfield>
      <subfield code="8">MM</subfield>
    </datafield>
  </record>