
  <record>
    <leader>01000aam  22002601a 4500</leader>
    <controlfield tag="001">YPZ100112</controlfield>
    <controlfield tag="003">YPZ</controlfield>
    <controlfield tag="005">201605301407330</controlfield>
    <controlfield tag="008">160530|###########||||||b||||||||||spa|d</controlfield>
    <datafield tag="040" ind1=" " ind2=" ">
      <subfield code="c">SIUNPA</subfield>
    </datafield>
    <datafield tag="041" ind1=" " ind2=" ">
      <subfield code="a">spa</subfield>
    </datafield>
    <datafield tag="044" ind1=" " ind2=" ">
      <subfield code="a">AR</subfield>
    </datafield>
    <datafield tag="080" ind1=" " ind2=" ">
      <subfield code="a">CD78 M183mi</subfield>
    </datafield>
    <datafield tag="100" ind1=" " ind2=" ">
      <subfield code="a">Madrid, Gustavo, mús..</subfield>
    </datafield>
    <datafield tag="245" ind1=" " ind2=" ">
      <subfield code="a">Mi reloj biológico no necesita cuerda</subfield>
    </datafield>
    <datafield tag="260" ind1=" " ind2=" ">
      <subfield code="a">Rosario</subfield>
      <subfield code="b"> : Mad Ride Records</subfield>
      <subfield code="c"> , 2011</subfield>
    </datafield>
    <datafield tag="500" ind1=" " ind2=" ">
      <subfield code="a">Banda: Mutantes melancólicos</subfield>
    </datafield>
    <datafield tag="500" ind1=" " ind2=" ">
      <subfield code="a">Compuesto, interpretado, programado, grabado durante los meses de mayo y octubre de 1995 en El Quinto con la participación de Leo Kaplan y Marcelo Almejún; la versión en CD ofrece 1 canción que no estaba incluida en la versión original en cassette</subfield>
    </datafield>
    <datafield tag="505" ind1=" " ind2=" ">
      <subfield code="a">Contiene: 01. Huesos de metal y plásticos -  02. Mi reloj – 03. Lágrimas artificiales – 04. Desperté y me di cuenta que estaba vivo – 05. Dios se equivocó – 06. No necesita – 07. Viaje atemporal totalmente controlado  – 08. Necesita cuerda  - 09. Máquina Dios</subfield>
    </datafield>
    <datafield tag="650" ind1=" " ind2=" ">
      <subfield code="a"> MUSICA</subfield>
    </datafield>
    <datafield tag="942" ind1=" " ind2=" ">
      <subfield code="c">CD</subfield>
    </datafield>
    <datafield tag="952" ind1=" " ind2=" ">
      <subfield code="a">BIB_RECT</subfield>
      <subfield code="b">BIB_UACO</subfield>
      <subfield code="d">2016-05-30</subfield>
      <subfield code="y">CD</subfield>
      <subfield code="p">02-48016</subfield>
      <subfield code="i">02-48016</subfield>
      <subfield code="g">100</subfield>
      <subfield code="o">CD78 M183mi</subfield>
      <subfield code="e">Don. Alumna Pérez, Diana</subfield>
      <subfield code="8">MM</subfield>
    </datafield>
  </record>