
  <record>
    <leader>01000aam  22002601a 4500</leader>
    <controlfield tag="001">YPZ100116</controlfield>
    <controlfield tag="003">YPZ</controlfield>
    <controlfield tag="005">201605310937460</controlfield>
    <controlfield tag="008">160531|###########||||||b||||||||||spa|d</controlfield>
    <datafield tag="040" ind1=" " ind2=" ">
      <subfield code="c">SIUNPA</subfield>
    </datafield>
    <datafield tag="041" ind1=" " ind2=" ">
      <subfield code="a">spa</subfield>
    </datafield>
    <datafield tag="044" ind1=" " ind2=" ">
      <subfield code="a">AR</subfield>
    </datafield>
    <datafield tag="080" ind1=" " ind2=" ">
      <subfield code="a">CD78 M183sa</subfield>
    </datafield>
    <datafield tag="100" ind1=" " ind2=" ">
      <subfield code="a">Madrid, Gustavo, mús..</subfield>
    </datafield>
    <datafield tag="245" ind1=" " ind2=" ">
      <subfield code="a">Sang</subfield>
    </datafield>
    <datafield tag="260" ind1=" " ind2=" ">
      <subfield code="a">Rosario</subfield>
      <subfield code="b"> : Mad Ride Records</subfield>
      <subfield code="c"> , 2011</subfield>
    </datafield>
    <datafield tag="500" ind1=" " ind2=" ">
      <subfield code="a">Banda: Mutantes melancólicos</subfield>
    </datafield>
    <datafield tag="500" ind1=" " ind2=" ">
      <subfield code="a">Grabado y producido en El Quinto, todos los sábados por la tarde de enero de 2000 a marzo de 2001, por Gustavo Madrid y Omar Scavone con la participación de Jorge Almejún, Fabián Barreiro, Alejandra Carlucci, Ernesto Castro, Rita Divorcio, Lucas Frontera, Marcelo López, Gabriela Luis, Marcelo Pérez, Claudia Spalletta y Gabriel Mateos</subfield>
    </datafield>
    <datafield tag="505" ind1=" " ind2=" ">
      <subfield code="a">Contiene: 01. Room - 02. Jesús – 03. Journey – 04. Dive – 05. Cabaret - 06. Late - 07. Music - 08. Book</subfield>
    </datafield>
    <datafield tag="650" ind1=" " ind2=" ">
      <subfield code="a"> MUSICA</subfield>
    </datafield>
    <datafield tag="942" ind1=" " ind2=" ">
      <subfield code="c">CD</subfield>
    </datafield>
    <datafield tag="952" ind1=" " ind2=" ">
      <subfield code="a">BIB_RECT</subfield>
      <subfield code="b">BIB_UACO</subfield>
      <subfield code="d">2016-05-30</subfield>
      <subfield code="y">CD</subfield>
      <subfield code="p">02-48017</subfield>
      <subfield code="i">02-48017</subfield>
      <subfield code="g">100</subfield>
      <subfield code="o">CD78 M183sa</subfield>
      <subfield code="e">Don. Alumna Pérez, Diana</subfield>
      <subfield code="8">MM</subfield>
    </datafield>
  </record>