
  <record>
    <leader>01000aam  22002601a 4500</leader>
    <controlfield tag="001">YPZ100119</controlfield>
    <controlfield tag="003">YPZ</controlfield>
    <controlfield tag="005">201605311005090</controlfield>
    <controlfield tag="008">160531|###########||||||b||||||||||spa|d</controlfield>
    <datafield tag="040" ind1=" " ind2=" ">
      <subfield code="c">SIUNPA</subfield>
    </datafield>
    <datafield tag="041" ind1=" " ind2=" ">
      <subfield code="a">spa</subfield>
    </datafield>
    <datafield tag="044" ind1=" " ind2=" ">
      <subfield code="a">AR</subfield>
    </datafield>
    <datafield tag="080" ind1=" " ind2=" ">
      <subfield code="a">CD78 M183o</subfield>
    </datafield>
    <datafield tag="100" ind1=" " ind2=" ">
      <subfield code="a">Madrid, Gustavo, mús..</subfield>
    </datafield>
    <datafield tag="245" ind1=" " ind2=" ">
      <subfield code="a">Ojalá pudiera</subfield>
    </datafield>
    <datafield tag="260" ind1=" " ind2=" ">
      <subfield code="a">Rosario</subfield>
      <subfield code="b"> : Mad Ride Records</subfield>
      <subfield code="c"> , 2011</subfield>
    </datafield>
    <datafield tag="500" ind1=" " ind2=" ">
      <subfield code="a">Banda: Mutantes melancólicos</subfield>
    </datafield>
    <datafield tag="505" ind1=" " ind2=" ">
      <subfield code="a">Contiene: 01. Quiero ser libre – 02. Placeres prohibidos – 03. Desierto tóxico – 04. No dejen que muera – 05. A sangre fría – 06. Aún hay esperanza – 07. Mutantes melancólicos – 08. Cosido a puñaladas – 09. Ideales frustrados y sueños perdidos – 10. Pistolero bajo contrato – 11. Todo por el mismo precio – 12. Enferma ciudad contaminante – 13. Vil homicida psicopático – 14. Acto criminal en potencia – 15. El amor es un arma caliente – 16. Salvajismo increíble – 17. Todo era barato y de segunda – 18. Una bolsa de huesos</subfield>
    </datafield>
    <datafield tag="650" ind1=" " ind2=" ">
      <subfield code="a"> MUSICA</subfield>
    </datafield>
    <datafield tag="942" ind1=" " ind2=" ">
      <subfield code="c">CD</subfield>
    </datafield>
    <datafield tag="952" ind1=" " ind2=" ">
      <subfield code="a">BIB_RECT</subfield>
      <subfield code="b">BIB_UACO</subfield>
      <subfield code="d">2016-05-31</subfield>
      <subfield code="y">CD</subfield>
      <subfield code="p">02-48024</subfield>
      <subfield code="i">02-48024</subfield>
      <subfield code="g">100</subfield>
      <subfield code="o">CD78 M183o</subfield>
      <subfield code="e">Don. Alumna Pérez, Diana</subfield>
      <subfield code="8">MM</subfield>
    </datafield>
  </record>