
  <record>
    <leader>01000aam  22002601a 4500</leader>
    <controlfield tag="001">YPZ100120</controlfield>
    <controlfield tag="003">YPZ</controlfield>
    <controlfield tag="005">201605311039040</controlfield>
    <controlfield tag="008">160531|###########||||||b||||||||||spa|d</controlfield>
    <datafield tag="040" ind1=" " ind2=" ">
      <subfield code="c">SIUNPA</subfield>
    </datafield>
    <datafield tag="041" ind1=" " ind2=" ">
      <subfield code="a">spa</subfield>
    </datafield>
    <datafield tag="044" ind1=" " ind2=" ">
      <subfield code="a">AR</subfield>
    </datafield>
    <datafield tag="080" ind1=" " ind2=" ">
      <subfield code="a">CD78 M183si</subfield>
    </datafield>
    <datafield tag="100" ind1=" " ind2=" ">
      <subfield code="a">Madrid, Gustavo, mús..</subfield>
    </datafield>
    <datafield tag="245" ind1=" " ind2=" ">
      <subfield code="a">Silence</subfield>
    </datafield>
    <datafield tag="260" ind1=" " ind2=" ">
      <subfield code="a">Rosario</subfield>
      <subfield code="b"> : Mad Ride Records</subfield>
      <subfield code="c"> , 2013</subfield>
    </datafield>
    <datafield tag="500" ind1=" " ind2=" ">
      <subfield code="a">Banda: Mutantes melancólicos</subfield>
    </datafield>
    <datafield tag="505" ind1=" " ind2=" ">
      <subfield code="a">Contiene: 01. Flower – 02. Time – 03. Palestina - 04. God – 05. Memories – 06. Recycle – 07. Luna – 08. Shower – 09. Divorcio – 10. Patience – 11. Rider – 12. Try – 13. Water – 14. Rain – 15. Fire – 16. Ersatz – 17. Virgin – 18. Cuento</subfield>
    </datafield>
    <datafield tag="650" ind1=" " ind2=" ">
      <subfield code="a"> MUSICA</subfield>
    </datafield>
    <datafield tag="942" ind1=" " ind2=" ">
      <subfield code="c">CD</subfield>
    </datafield>
    <datafield tag="952" ind1=" " ind2=" ">
      <subfield code="a">BIB_RECT</subfield>
      <subfield code="b">BIB_UACO</subfield>
      <subfield code="d">2016-05-31</subfield>
      <subfield code="y">CD</subfield>
      <subfield code="p">02-48021</subfield>
      <subfield code="i">02-48021</subfield>
      <subfield code="g">100</subfield>
      <subfield code="o">CD78 M183si</subfield>
      <subfield code="e">Don. Alumna Pérez, Diana</subfield>
      <subfield code="8">MM</subfield>
    </datafield>
  </record>