
  <record>
    <leader>01000aam  22002601a 4500</leader>
    <controlfield tag="001">YPZ100260</controlfield>
    <controlfield tag="003">YPZ</controlfield>
    <controlfield tag="005">201609060921520</controlfield>
    <controlfield tag="008">160906|###########||||||b||||||||||spa|d</controlfield>
    <datafield tag="020" ind1=" " ind2=" ">
      <subfield code="a">9789873714108</subfield>
    </datafield>
    <datafield tag="040" ind1=" " ind2=" ">
      <subfield code="c">SIUNPA</subfield>
    </datafield>
    <datafield tag="041" ind1=" " ind2=" ">
      <subfield code="a">spa</subfield>
    </datafield>
    <datafield tag="044" ind1=" " ind2=" ">
      <subfield code="a">AR</subfield>
    </datafield>
    <datafield tag="080" ind1=" " ind2=" ">
      <subfield code="a">CD821.124'02.09</subfield>
    </datafield>
    <datafield tag="100" ind1=" " ind2=" ">
      <subfield code="a">Atienza, Alicia.</subfield>
    </datafield>
    <datafield tag="700" ind1=" " ind2=" ">
      <subfield code="a">Muñoz, Nora.</subfield>
    </datafield>
    <datafield tag="700" ind1=" " ind2=" ">
      <subfield code="a">Musci, Mónica.</subfield>
    </datafield>
    <datafield tag="700" ind1=" " ind2=" ">
      <subfield code="a">... [et al.].</subfield>
    </datafield>
    <datafield tag="110" ind1=" " ind2=" ">
      <subfield code="a">Jornada  de Estudios Clásicos de la Patagonia Austral Aike Clásico (1 : 2014 : Río Gallegos). Jornadas de Letras (8 : 2014 : Río Gallegos).</subfield>
    </datafield>
    <datafield tag="245" ind1=" " ind2=" ">
      <subfield code="a">Clásicos en el fin del mundo, los territorios de la polis en la literatura grecolatina y contemporánea</subfield>
      <subfield code="c"> / Atienza, Alicia, comp. ; Muñoz, Nora, comp. ; Musci, Mónica, comp.</subfield>
    </datafield>
    <datafield tag="260" ind1=" " ind2=" ">
      <subfield code="a">Río Gallegos</subfield>
      <subfield code="b"> : Universidad Nacional de la Patagonia Austral</subfield>
      <subfield code="c"> , 2015</subfield>
    </datafield>
    <datafield tag="500" ind1=" " ind2=" ">
      <subfield code="a">Un documento en PDF</subfield>
    </datafield>
    <datafield tag="650" ind1=" " ind2=" ">
      <subfield code="a"> LITERATURA GRECOROMANA</subfield>
    </datafield>
    <datafield tag="650" ind1=" " ind2=" ">
      <subfield code="a"> LITERATURA GRIEGA</subfield>
    </datafield>
    <datafield tag="650" ind1=" " ind2=" ">
      <subfield code="a"> LITERATURA LATINA</subfield>
    </datafield>
    <datafield tag="650" ind1=" " ind2=" ">
      <subfield code="a"> LITERATURA ROMANA</subfield>
    </datafield>
    <datafield tag="650" ind1=" " ind2=" ">
      <subfield code="a"> ESTUDIOS LITERARIOS</subfield>
    </datafield>
    <datafield tag="650" ind1=" " ind2=" ">
      <subfield code="a"> CRITICA LITERARIA</subfield>
    </datafield>
    <datafield tag="942" ind1=" " ind2=" ">
      <subfield code="c">CD</subfield>
    </datafield>
    <datafield tag="952" ind1=" " ind2=" ">
      <subfield code="a">BIB_RECT</subfield>
      <subfield code="b">BIB_UACO</subfield>
      <subfield code="d">2016-09-06</subfield>
      <subfield code="y">CD</subfield>
      <subfield code="p">02-48239</subfield>
      <subfield code="i">02-48239</subfield>
      <subfield code="g">99</subfield>
      <subfield code="o">CD821.124'02.09</subfield>
      <subfield code="e">Donación</subfield>
      <subfield code="8">MM</subfield>
    </datafield>
    <datafield tag="952" ind1=" " ind2=" ">
      <subfield code="a">BIB_RECT</subfield>
      <subfield code="b">BIB_UART</subfield>
      <subfield code="d">2016-09-13</subfield>
      <subfield code="y">CD</subfield>
      <subfield code="p">03-48249</subfield>
      <subfield code="i">03-48249</subfield>
      <subfield code="g">99</subfield>
      <subfield code="o">CD821.124'02.09</subfield>
      <subfield code="e">Donación</subfield>
      <subfield code="8">MM</subfield>
    </datafield>
    <datafield tag="952" ind1=" " ind2=" ">
      <subfield code="a">BIB_RECT</subfield>
      <subfield code="b">BIB_UARG</subfield>
      <subfield code="d">2016-09-21</subfield>
      <subfield code="y">CD</subfield>
      <subfield code="p">05-48256</subfield>
      <subfield code="i">05-48256</subfield>
      <subfield code="g">99</subfield>
      <subfield code="o">CD821.124'02.09</subfield>
      <subfield code="e">Donación</subfield>
      <subfield code="8">MM</subfield>
    </datafield>
  </record>