
  <record>
    <leader>01000aam  22002601a 4500</leader>
    <controlfield tag="001">YPZ101486</controlfield>
    <controlfield tag="003">YPZ</controlfield>
    <controlfield tag="005">201806151025050</controlfield>
    <controlfield tag="008">180615|###########||||||b||||||||||spa|d</controlfield>
    <datafield tag="040" ind1=" " ind2=" ">
      <subfield code="c">SIUNPA</subfield>
    </datafield>
    <datafield tag="041" ind1=" " ind2=" ">
      <subfield code="a">spa</subfield>
    </datafield>
    <datafield tag="044" ind1=" " ind2=" ">
      <subfield code="a">CL</subfield>
    </datafield>
    <datafield tag="080" ind1=" " ind2=" ">
      <subfield code="a">CD338.43 P398v</subfield>
    </datafield>
    <datafield tag="100" ind1=" " ind2=" ">
      <subfield code="a">Pengue, Walter Alberto.</subfield>
    </datafield>
    <datafield tag="245" ind1=" " ind2=" ">
      <subfield code="a">El vaciamiento de las pampas</subfield>
      <subfield code="b"> : la exportación de nutrientes y el final del granero del mundo</subfield>
      <subfield code="c"> / Rodriguez, Andrea F. rev.</subfield>
    </datafield>
    <datafield tag="260" ind1=" " ind2=" ">
      <subfield code="a">Buenos Aires</subfield>
      <subfield code="a">Providencia, Santiago</subfield>
      <subfield code="b"> : GEPAMA, Grupo de Ecología del Paisaje y Medio Ambiente</subfield>
      <subfield code="c"> , 2017</subfield>
    </datafield>
    <datafield tag="500" ind1=" " ind2=" ">
      <subfield code="a">Contiene: además los libros dinámicas y perspectivas de la Argentina ...y cultivos transgénicos ¿hacía dónde fuimos?</subfield>
    </datafield>
    <datafield tag="650" ind1=" " ind2=" ">
      <subfield code="a"> AGROINDUSTRIA</subfield>
    </datafield>
    <datafield tag="650" ind1=" " ind2=" ">
      <subfield code="a"> SECTOR AGROINDUSTRIAL</subfield>
    </datafield>
    <datafield tag="650" ind1=" " ind2=" ">
      <subfield code="a"> PESTICIDA </subfield>
    </datafield>
    <datafield tag="650" ind1=" " ind2=" ">
      <subfield code="a"> SUELO</subfield>
    </datafield>
    <datafield tag="650" ind1=" " ind2=" ">
      <subfield code="a"> DESARROLLO AGRICOLA</subfield>
    </datafield>
    <datafield tag="650" ind1=" " ind2=" ">
      <subfield code="a"> CHILE </subfield>
    </datafield>
    <datafield tag="650" ind1=" " ind2=" ">
      <subfield code="a"> ARGENTINA</subfield>
    </datafield>
    <datafield tag="942" ind1=" " ind2=" ">
      <subfield code="c">CD</subfield>
    </datafield>
    <datafield tag="952" ind1=" " ind2=" ">
      <subfield code="a">BIB_RECT</subfield>
      <subfield code="b">BIB_UARG</subfield>
      <subfield code="d">2018-06-15</subfield>
      <subfield code="y">CD</subfield>
      <subfield code="p">05-49727</subfield>
      <subfield code="i">05-49727</subfield>
      <subfield code="g">150</subfield>
      <subfield code="o">CD338.43 P398v</subfield>
      <subfield code="e">GEPAMA</subfield>
      <subfield code="8">MM</subfield>
    </datafield>
  </record>